2970 4746
798 310 840 391 10

230 523 306 583 sunt
329 519 368 583 de
393 505 517 585 divitiis
542 518 682 584 oratoris
705 519 758 584 vel
779 517 886 599 potius
910 517 1053 598 repetita
1076 537 1116 583 ex
1133 538 1163 584 v.
1183 523 1241 598 363
1267 538 1401 599 sequen-

229 623 317 689 tibus
346 623 495 690 versibus
524 624 566 688 ad
597 623 760 689 orationes
784 622 909 688 reditur
941 624 985 706 (v.
1016 624 1178 709 el-al);
1209 644 1238 689 v.
1272 627 1400 689 70-73

228 735 345 796 contra
380 729 450 794 sine
485 731 549 794 ullo
585 728 696 794 ordine
731 729 783 795 hic
818 733 995 810 ponuntur:
1033 730 1196 810 complura
1230 731 1269 794 de
1304 750 1403 795 uxore

228 834 403 916 liberisque
427 836 501 901 inde
525 855 545 900 a
569 855 598 901 v.
625 842 684 900 86:
710 836 891 919 συνέγραψε
913 827 941 897 δ’
958 826 1063 898 αὐτοῦ
1079 835 1133 906 καὶ
1159 829 1175 896 ὁ
1198 847 1278 911 παῖς
1302 855 1402 916 usque

229 941 270 1006 ad
295 961 323 1007 v.
350 947 391 1006 96
415 941 527 1006 insunt
549 941 659 1021 itaque
683 941 753 1006 veri
776 942 814 1006 fit
838 940 1033 1006 simillimum
1057 960 1087 1007 v.
1108 946 1236 1005 70-73
1262 942 1303 1006 00
1328 941 1401 1006 11100

229 1066 353 1131 versuo,
378 1047 461 1129 inpr.
487 1048 528 1112 ad
553 1047 597 1132 (v.
616 1047 673 1133 86)
690 1047 834 1129 Apharei
857 1066 972 1112 nomen
993 1046 1217 1129 explicandum
1233 1049 1402 1113 adiunctos

229 1173 315 1235 esse3
346 1153 411 1219 iam
442 1159 479 1219 ut
510 1155 663 1236 leguntur
686 1172 765 1245 cum¹
779 1173 837 1235 per
861 1173 896 1219 00
920 1159 1010 1220 stare
1034 1174 1096 1220 non
1121 1154 1249 1235 possint
1272 1173 1312 1219 ex
1336 1154 1402 1219 illis

230 1260 381 1326 videntur
410 1279 589 1326 emanasse.
644 1261 695 1324 Ad
727 1279 756 1326 v.
790 1266 920 1325 84-86
950 1260 1038 1326 vitae
1067 1261 1210 1327 eiusdem
1239 1262 1402 1342 adeamne,

228 1366 343 1447 quibus
371 1365 521 1433 versibus
552 1373 585 1431 et
613 1365 765 1448 repetitio
794 1371 827 1431 et
855 1366 1063 1447 amplificatio
1094 1387 1124 1431 v.
1151 1373 1192 1431 58
1217 1366 1401 1431 continetur

229 1472 284 1557 (cf.
310 1492 339 1538 v.
365 1481 421 1535 τοῦ
449 1475 539 1554 βίου
562 1463 590 1534 d'
614 1464 779 1557 ἡμέραις
803 1470 854 1535 διὰ
883 1469 920 1535 τό
951 1476 1064 1535 σιτίων
1093 1465 1302 1552 ἀποσχέσθαι
1331 1492 1400 1537 cum

230 1585 287 1643 85:
313 1576 343 1642 oi
367 1577 400 1642 m
423 1588 662 1665 τεταρταῖον
685 1571 753 1659 ἅμα
776 1589 848 1654 ταῖς
871 1579 1016 1664 ταφαῖς).
1057 1580 1103 1644 nt
1119 1579 1178 1645 hec
1195 1598 1316 1660 queque
1333 1580 1402 1644 loco

229 1703 386 1765 quaenam
410 1685 574 1751 sententia
597 1685 686 1766 prior
709 1685 841 1751 steterit
863 1685 1080 1767 intellegitur3
1104 1705 1133 1752 v.
1161 1692 1290 1750 dtr-65
1317 1685 1400 1750 enim

229 1810 311 1872 0000
335 1792 374 1856 de
397 1796 500 1857 morte
516 1791 674 1858 Isocratis
696 1791 796 1874 digna
812 1792 884 1858 visa
901 1797 985 1876 sunt,
1011 1811 1092 1874 quae
1108 1799 1402 1875 commemorentur,

230 1903 297 1963 tam
321 1904 397 1979 apte
420 1898 507 1964 inter
531 1918 566 1964 se
590 1899 764 1965 cohaerent
787 1905 823 1963 ut
847 1899 902 1965 vix
925 1899 1053 1980 possint
1080 1899 1231 1966 discerni.
1279 1899 1403 1965 Deinde

230 2009 337 2070 autem
354 2005 442 2071 vitae
467 2005 657 2087 compilator
680 2012 714 2070 et
736 2006 795 2071 illa
818 2005 974 2087 repetivit
997 2010 1031 2071 et
1054 2025 1138 2072 nova
1162 2006 1297 2088 addidit,
1322 2025 1402 2086 0000

231 2110 258 2176 01
282 2131 344 2177 non
369 2112 409 2176 de
432 2118 561 2178 morte
585 2117 730 2178 attamen
754 2113 793 2178 de
816 2118 967 2178 mortuo
988 2114 1134 2177 Isocrate
1159 2120 1234 2177 sunt
1258 2131 1402 2193 quaeque

231 2236 302 2282 cum
325 2237 355 2284 v.
382 2224 534 2283 07-106
560 2217 679 2299 optime
703 2218 947 2300 coniunguntur.

318 2325 371 2388 Ex
405 2323 550 2406 Lycurgi
585 2341 710 2405 quoque
751 2324 821 2390 uita
854 2325 998 2389 nonnulli
1032 2325 1094 2390 loci
1133 2324 1186 2389 hic
1225 2330 1396 2406 ponantur.

230 2432 339 2511 Atque
369 2430 505 2510 primum
540 2429 667 2510 quidem
698 2450 728 2494 v.
760 2436 889 2495 56-59
926 2431 1207 2513 amplificationem
1243 2433 1402 2512 praebent

232 2556 381 2602 versuum
414 2535 689 2602 antecedentium:
726 2543 882 2602 anteeunt
905 2556 987 2619 0000
1011 2537 1101 2619 leges
1124 2538 1214 2602 latae
1238 2537 1360 2602 fuerint
1384 2557 1404 2602 a

231 2645 391 2727 Lycurgo,
416 2643 547 2709 additur
571 2644 682 2709 fabula
706 2645 745 2709 de
768 2643 837 2709 eius
861 2643 1006 2726 coniuge.
1048 2644 1128 2708 Tale
1152 2644 1228 2725 quid
1245 2643 1343 2708 etiam
1367 2643 1400 2707 in
1448 2632 1452 2639 ’

229 2770 259 2817 v.
286 2756 416 2816 59—67
440 2750 527 2816 inest
551 2751 605 2832 qui
636 2770 750 2817 versus
774 2750 953 2831 respiciant
983 2751 1023 2816 ad
1047 2770 1077 2817 v.
1105 2756 1248 2815 36-39:
1280 2751 1401 2814 000000

231 2857 316 2923 enim
332 2858 411 2924 locis
428 2875 523 2938 quam
539 2857 626 2924 iuste
642 2877 715 2923 sese
727 2857 869 2940 gesserit
881 2859 1051 2940 Lycurgus
1064 2857 1281 2939 praedicatur,
1298 2856 1405 2938 priore

231 2964 300 3029 loco
323 2963 358 3028 in
373 2964 567 3047 universum,
592 2964 770 3045 posteriore
794 2965 973 3044 exemplum
990 2965 1086 3029 datur
1109 2964 1161 3029 vel
1186 2963 1403 3028 testimonium

230 3070 269 3134 cf.
294 3089 325 3136 v.
352 3077 392 3134 39
424 3064 507 3134 ὥστε
536 3070 591 3133 καὶ
622 3066 654 3134 ἐν
685 3081 753 3146 τοῖς
783 3068 998 3155 δικαστηρίοις
1028 3068 1065 3132 τὸ
1090 3078 1192 3155 φῆσαι
1224 3077 1409 3152 Λυκοῦργον

231 3171 332 3240 ἐδόκει
362 3175 514 3262 βοήθημα
537 3171 619 3240 εἶναι
649 3185 694 3261 mg}
719 3180 995 3262 συναγορευομένῳ
1027 3196 1096 3242 curm
1128 3182 1187 3241 67:
1228 3172 1408 3238 irrorantiam

233 3274 297 3346 ὑπὸ
328 3283 455 3347 πολλῶν
484 3281 540 3347 ἐπὶ
568 3291 614 3368 rui
641 3288 803 3370 βοηθῆσαί
833 3307 899 3365 μοι.
948 3285 1016 3367 Quo
1046 3303 1198 3350 concesse
1222 3301 1251 3348 v.
1278 3287 1407 3346 36-39

234 3390 341 3471 priore
371 3395 483 3456 aetate
514 3391 652 3473 scriptos
683 3410 756 3457 esse
787 3391 992 3456 manifestum
1024 3389 1217 3472 000001ορ0
1248 3389 1302 3470 qui
1328 3389 1410 3454 satis

235 3502 311 3578 apte
336 3499 377 3563 ad
401 3496 564 3579 ingenium
580 3497 643 3564 viri
667 3497 894 3564 illustrandum
919 3504 995 3579 apto
1019 3499 1088 3563 loco
1111 3498 1273 3578 legantur,
1298 3502 1412 3561 contra

235 3602 263 3667 si
293 3622 323 3669 v.
357 3610 487 3668 59—67
520 3603 744 3670 additamenta
776 3605 954 3687 posuimuS,
986 3623 1016 3669 v.
1043 3611 1084 3668 68
1114 3604 1154 3668 de
1181 3602 1308 3684 legibus
1339 3591 1411 3667 con·

238 3708 386 3775 tinuatur
409 3727 491 3790 quae
515 3731 544 3777 ν.
569 3716 612 3775 40
636 3711 818 3776 enumerari
842 3715 977 3791 coeptae
1001 3715 1085 3774 sunt.

328 3818 454 3884 Deinde
478 3837 508 3884 v.
535 3824 687 3882 95-102
717 3817 929 3897 repetitiones
960 3816 1013 3881 vel
1044 3815 1312 3896 amplificationes
1340 3834 1413 3880 con-

234 3923 381 3990 tinentur
417 3925 457 3990 cf.
491 3944 519 3990 v.
551 3929 610 3988 95:
650 3922 772 4003 μέλλων
802 3921 834 3984 δὲ
863 3920 1062 4006 τελευτήσειν
1093 3970 1100 3982 .
1125 3970 1131 3983 .
1157 3970 1163 3983 .
1189 3970 1196 3983 .
1228 3914 1354 3996 οὐδενὸς
1384 3920 1415 3983 δὲ

226 4039 500 4119 κατηγορῆσαι
530 4027 813 4114 τολμήσαντος
836 4027 936 4112 πλὴν
960 4030 1240 4108 Μενεσαίχμου
1264 4048 1334 4093 cunr
1359 4034 1415 4091 83:

386 4133 468 4213 'mog
504 4127 533 4200 δ’
568 4127 666 4200 αὐτοῦ
701 4134 889 4221 παρέδωκαν
928 4132 1002 4210 τοὺς
1035 4133 1154 4210 παῖδας
1182 4145 1250 4209 τοῖν,Ι
1279 4131 1313 4196 ια’
1346 4143 1418 4196 110-

477 4240 553 4320 uer
581 4240 941 4329 κατηγορήσαντος.
989 4244 1037 4307 Ac
1060 4241 1196 4323 primum
1219 4241 1296 4305 ordo
1320 4240 1420 4304 mirus
