2970 4746
569 239 781 337 A-..

71 450 364 517 Demosthenis
380 470 409 516 v.
425 456 488 515 213
503 468 566 531 sq:
583 456 765 532 corruptum
781 451 951 516 Persarum
968 455 1105 533 argento
1118 448 1261 516 obiciunt

134 647 141 661 ι
248 556 458 623 Demostheni
471 555 655 622 Dinarchus
677 558 834 623 adversus
852 558 1102 626 Demosthenem
1123 563 1260 639 111611,

248 662 434 746 Hyperides
458 664 616 729 adversus
640 664 805 730 Demosth.
835 669 884 729 14.

192 809 221 854 v.
248 793 312 854 235
337 806 424 869 sqq.:
458 787 566 853 vinum
597 807 661 853 non
693 807 821 854 amasse
854 807 926 854 sese
957 788 1027 870 ipse
1060 789 1174 854 laudat
1197 789 1259 854 De·

343 895 458 960 masth.
485 900 566 960 crat.
592 895 677 960 XIX
700 900 752 960 43.

79 1019 310 1105 Hyperidis
334 1039 364 1086 v.
391 1026 432 1084 63
457 1040 520 1101 sqq.:
544 1011 640 1094 αὐτὸς
662 1017 723 1105 γὰρ
747 1017 779 1083 ἐν
802 1012 880 1105 (ἔρχῃ
905 1030 958 1086 ruri
982 1018 1075 1104 iriycr
1098 1019 1193 1106 1111161.

344 1179 357 1206 „
390 1133 443 1191 78:
469 1128 559 1192 Dani.
585 1133 666 1193 crat.
692 1128 807 1192 XVIII
836 1132 906 1194 131.

174 1254 213 1318 In
237 1254 299 1318 fine
324 1252 489 1334 paneade
513 1252 674 1317 nonrmliis
699 1251 773 1317 aliis
797 1253 940 1319 t'ontihus
965 1253 1096 1318 addam:

83 1376 350 1460 Antiphontis
375 1397 404 1442 v.
431 1383 471 1441 57
497 1395 562 1459 sq:
595 1377 723 1443 illusum
747 1399 767 1443 a
791 1377 928 1447 Platone
952 1376 1072 1444 comico
1097 1383 1259 1442 oratorem

249 1483 441 1566 compilator
466 1483 607 1550 vitarum
631 1504 649 1550 e
673 1490 770 1566 poeta
794 1482 864 1567 ipso
888 1485 1035 1566 sumpsit.

84 1609 234 1692 Lysiae
251 1630 281 1676 v.
299 1615 443 1674 53—-652
460 1609 659 1693 epigramma
672 1631 692 1675 a
705 1610 855 1691 Philisco,
873 1610 1030 1677 Isocratis
1043 1608 1212 1692 discipulo,
1229 1609 1260 1674 in

248 1716 381 1798 Lysiam
393 1717 515 1783 facium
528 1718 730 1782 demonstrat
742 1718 768 1783 Β
778 1717 891 1802 erghi
903 1737 944 1783 us
962 1717 994 1782 in
1013 1717 1135 1799 „poetis
1149 1716 1260 1798 lyricis

247 1823 393 1906 1166616ιι
421 1824 483 1889 vol.
509 1825 543 1889 II
567 1841 596 1906 p.
623 1830 696 1889 646.

84 1948 193 2016 isaei
217 1969 247 2014 v.
278 1953 332 2013 15:
358 1968 375 2014 e
400 1953 497 2030 poeta
521 1949 641 2014 commo
665 1949 767 2014 tinxit.

84 2072 274 2156 Lycurgi:
306 2073 346 2138 de
375 2073 596 2155 psephismate
619 2074 686 2139 lato
710 2074 911 2140 Arranicrate
935 2075 1090 2140 archonte
1115 2075 1261 2157 psephis-

248 2179 345 2246 matis
370 2179 434 2263 ipsi
458 2199 573 2246 versus
600 2187 661 2245 163
687 2200 756 2262 sqq.
784 2187 848 2246 204
872 2199 941 2264 sqq.
968 2183 1094 2248 docent.

190 2308 220 2355 v.
251 2293 324 2353 144:
348 2306 389 2352 ex
413 2287 579 2370 Aristoph.
604 2287 719 2353 avibus
747 2294 830 2353 1236
855 2287 1030 2357 emanavit.

190 2434 220 2481 v.
249 2418 310 2479 145
347 2432 408 2494 sq:
449 2412 489 2476 ci.
525 2413 683 2495 Harpocr.
720 2433 744 2478 6.
785 2433 815 2479 v.
855 2405 1109 2495 {ldcacpoocddom
1149 2417 1258 2497 pseph.

344 2525 405 2584 169
431 2539 498 2601 sqq.

191 2665 221 2711 v.
252 2646 312 2711 153
338 2663 424 2726 sqq.:
450 2664 467 2711 6
491 2644 723 2728 psephismatis
747 2666 775 2711 v.
804 2652 866 2711 205
893 2664 961 2728 sqq.
988 2646 1108 2729 sumpti
1133 2652 1218 2712 suut.

83 2770 305 2854 Hyperidis
328 2790 358 2836 v.
385 2777 441 2835 60:
470 2770 528 2836 cfr.
553 2770 671 2836 Athen.
698 2771 780 2835 VIII
804 2776 867 2850 341
894 2772 922 2836 Ε
955 2773 1068 2836 3420
1101 2773 1134 2857 (e
1163 2778 1261 2855 poeta

247 2877 365 2944 comico
390 2882 424 2944 et
446 2876 649 2962 Hermippo).

101 3036 104 3040 ·
192 3023 223 3070 u.
252 3007 291 3068 73
315 3001 410 3068 hodie
434 3004 520 3086 apud
543 3003 718 3069 Diodorum
742 3002 873 3088 (XVIII
898 3004 953 3089 13)
979 3011 1129 3071 servatus
1153 3005 1262 3071 nescio

315 3129 357 3176 an
389 3109 621 3176 ePhilochoro
653 3111 776 3192 absque
808 3111 867 3178 hoc
897 3130 937 3176 ex
966 3111 1177 3195 inscriptione
1208 3131 1262 3178 ex-

313 3221 444 3300 cerptus
461 3217 513 3282 sit.

246 3326 285 3390 In
308 3323 502 3391 Dinarchi
525 3324 596 3391 vita
619 3325 713 3390 deest
735 3325 925 3396 auctarium.

178 3448 324 3515 Vidimus
346 3447 459 3532 igitur
489 3449 577 3515 vitas
602 3450 711 3516 decem
736 3457 900 3518 oratorum
924 3453 1262 3535 Pseudoplutarcheas

87 3575 127 3623 ex
158 3558 283 3623 duabus
313 3557 462 3639 partibus
494 3556 736 3639 conglutinatas
768 3576 855 3640 6666,
891 3576 1025 3639 querum
1056 3558 1145 3642 prior
1173 3565 1262 3626 certo

86 3663 200 3730 ordine
223 3663 403 3747 composita
433 3665 475 3730 ad
498 3664 714 3746 antiquiorem
738 3664 879 3745 aliquem
903 3670 1065 3731 auctorem
1090 3666 1263 3733 referenda

86 3776 148 3854 est,
182 3788 275 3852 quem
309 3771 456 3854 equidem
480 3771 655 3838 Caecilium
679 3771 883 3839 Calactinum
914 3791 987 3838 6666
1011 3774 1121 3853 credo„
1164 3774 1263 3840 Cuius

89 3877 234 3945 auctoris
258 3879 545 3945 commentationes
569 3898 631 3944 non
656 3879 804 3961 integras
829 3884 979 3947 servatas
1007 3881 1172 3964 hahemus
1205 3882 1262 3947 sed

88 4005 158 4051 cnm
189 3983 224 4051 in
257 3985 377 4052 scholis
406 3986 570 4051 rhetorum
601 4004 666 4052 una
697 4005 767 4052 cum
800 3987 1001 4056 orationibus
1024 3988 1262 4071 lectitarentur,

47 4079 48 4082 ¹
89 4092 323 4160 additamentis
347 4100 463 4160 auctae
487 4099 563 4160 sunt
586 4113 627 4160 ex
650 4094 852 4161 orationibus
875 4095 958 4177 ipsIs
974 4095 1134 4178 repetitis.
1171 4096 1263 4163 Haec

89 4201 314 4269 additamenta
344 4220 535 4285 quamquam
571 4202 682 4269 multis
706 4209 741 4267 et
763 4202 902 4269 diversis
926 4203 1005 4270 locis
1030 4203 1062 4270 in
1086 4203 1174 4270 vitas
1198 4202 1261 4288 pri·
