2984 4756
820 312 839 375 6

721 398 933 409 en-o--n—-na--n

242 520 356 585 harum
381 518 520 585 vitarum
545 518 742 593 anctoritate
770 525 859 586 recte
882 517 1025 585 indicare
1049 519 1208 601 volumnS,
1237 519 1373 600 utquid
1397 539 1417 585 a

202 664 214 686 .
243 625 400 708 principio
436 624 591 707 scripturn
625 625 742 708 fuerit,
778 626 852 707 qrrid
883 635 957 707 post
987 628 1028 691 ab
1065 625 1142 691 aliis
1171 627 1235 691 alio
1270 624 1417 707 tempore

243 731 403 797 adiectum
440 731 687 813 distinguamus.
747 730 1036 812 interpolationnm
1072 737 1180 796 antem
1216 738 1250 797 et
1288 731 1415 796 addita-

243 844 421 903 mentornm
437 856 559 919 genera
575 837 788 902 discernenda
812 842 897 919 sunt,
922 843 958 903 ut
980 838 1144 903 decorum
1167 838 1229 903 tide
1254 837 1415 919 disputari

242 942 354 1024 possit.
392 942 605 1008 Schaeferi
622 943 861 1035 argumentatio
876 963 947 1035 cnm
971 943 1040 1009 inre
1064 949 1099 1008 et
1114 943 1248 1008 aliorum
1273 943 1415 1008 virorum

242 1049 406 1115 doctorum
415 1054 449 1115 et
458 1049 510 1113 Vo
520 1049 653 1113 lkman
663 1047 703 1112 ni
716 1048 1028 1143 viridocti'plausum
1042 1048 1165 1130 tulerit,
1173 1049 1236 1114 iam
1249 1068 1319 1132 ego,
1332 1050 1415 1130 quod

241 1153 295 1218 ille
319 1152 352 1218 in
376 1153 464 1220 alind
488 1160 614 1236 tempus
630 1140 877 1233 reiecitinme
901 1155 1017 1237 recepi,
1043 1156 1194 1222 videlicet
1218 1157 1305 1222 utin
1331 1175 1414 1221 com·

242 1261 431 1342 positionem
449 1263 605 1343 fidemque
628 1262 826 1344 singularum
845 1262 984 1328 vitarum
1000 1262 1190 1345 diligentius
1208 1262 1412 1344 inquirerem.

333 1367 428 1433 Vitas
452 1369 561 1434 decem
585 1374 747 1433 oratorum
772 1361 1107 1450 Pseudoplntarcheas
1131 1389 1192 1434 non
1217 1389 1279 1434 nrm
1303 1375 1414 1434 tenore

240 1472 436 1556 compositas
453 1474 635 1555 scriptasve
651 1495 724 1540 esse
741 1476 955 1556 unusquisqne
973 1475 1068 1540 facile
1090 1475 1269 1558 intelleget.
1310 1475 1414 1540 ltani·

241 1581 326 1646 festo
350 1580 434 1646 enim
458 1579 490 1645 in
516 1579 653 1662 singulis
677 1580 755 1646 vitis
779 1582 862 1647 dnae
886 1587 997 1662 partes
1021 1581 1256 1663 discernuntur,
1281 1600 1413 1661 qnarnrn

242 1687 330 1768 prior
358 1689 398 1753 de
427 1688 496 1752 vit-a
526 1693 561 1752 et
590 1690 686 1753 rebius
715 1688 819 1770 gestis
855 1688 994 1754 oratoris
1025 1689 1135 1754 ordine
1167 1708 1269 1772 agens
1299 1688 1415 1768 ubique

241 1794 352 1859 eadem
385 1794 549 1861 sententia
577 1794 791 1875 concluditur,
816 1800 972 1875 quaeest
1000 1795 1040 1860 de
1071 1794 1250 1860 orationum
1283 1814 1414 1859 numero

242 1906 300 1964 aut
324 1901 363 1965 de
394 1899 519 1966 dicendi
551 1919 686 1982 genere,
717 1920 798 1981 (puae
828 1900 860 1965 in
886 1901 946 1966 hac
970 1906 1064 1981 parte
1088 1905 1280 1981 narrantur,
1305 1919 1414 1981 ‹piram-

240 2024 335 2086 qnam
359 2005 522 2072 nonnullis
550 2006 629 2072 locis
661 2007 884 2073 additamenta
914 2006 1077 2072 interioris
1102 2007 1175 2073 aevi
1199 2026 1261 2072 non
1286 2007 1413 2087 desunt,

241 2111 274 2176 in
303 2110 488 2178 universum
517 2117 625 2178 tamen
650 2113 788 2194 speciem
821 2113 914 2179 nnius
938 2113 1027 2179 vitae
1056 2113 1228 2179 continnae
1251 2118 1348 2194 atque
1372 2116 1414 2178 ab

242 2236 304 2283 uuo
328 2219 500 2299 eodemque
523 2223 656 2284 anctore
680 2219 882 2300 conscriptae
905 2222 1074 2301 praebent.
1123 2220 1225 2284 Valde
1249 2218 1415 2299 discrepat

242 2325 284 2389 ab
309 2324 371 2389 hac
401 2330 495 2406 parte
523 2325 639 2390 altera.
687 2324 764 2390 Sine
788 2323 856 2390 nlla
878 2325 1090 2406 dispositione
1114 2327 1172 2391 hoc
1201 2325 1233 2389 in
1258 2323 1413 2406 auctario,

238 2449 300 2513 qno
323 2430 477 2496 vocabulo
500 2430 699 2496 sollemniter
723 2432 805 2496 harrc
829 2438 957 2513 partem
971 2431 1156 2515 significare
1180 2430 1303 2512 licebit,
1321 2429 1413 2495 vario

240 2536 341 2603 variis
376 2536 410 2601 in
443 2536 521 2602 vitis
557 2537 667 2602 urdine
703 2537 944 2618 adnotationes,
974 2537 1119 2621 fabulae,
1156 2537 1223 2603 alia
1257 2536 1413 2602 eiusmodi

240 2642 444 2726 colliguntur,
468 2662 550 2724 quae
573 2645 613 2709 ad
639 2642 741 2708 vitam
765 2643 905 2709 oratoris
929 2643 1158 2710 illustrandam
1187 2643 1320 2709 minoris
1349 2662 1412 2707 mo-

240 2748 340 2815 menti
364 2755 449 2814 snnt.

329 2857 435 2936 Atque
467 2855 601 2936 primum
626 2856 768 2939 quidem,
793 2862 828 2922 nt
852 2857 1092 2938 supradictum
1117 2863 1184 2939 est,
1209 2857 1355 2921 omnibns
1380 2855 1412 2919 in

240 2960 319 3026 vitis
342 2961 515 3027 nonnullae
531 2981 585 3028 res
608 2969 697 3027 certo
714 2962 825 3028 ordine
849 2969 999 3044 certoque
1023 2962 1156 3029 consilio
1172 2968 1412 3043 momorantur,

239 3087 320 3149 quas
355 3069 397 3133 ad
432 3067 572 3133 oratoris
600 3087 706 3134 mores
737 3070 976 3151 cognoscendos
1005 3069 1140 3134 multum
1170 3069 1281 3134 valere
1309 3070 1412 3149 primo

238 3176 354 3240 obtutu
377 3174 565 3258 apparet.*)
612 3174 826 3240 Nomiuautnr
849 3174 933 3240 enirn
957 3174 991 3239 in

295 3279 322 3344 Ι.
346 3279 418 3345 vita
440 3279 722 3361 Antiphontis:
754 3285 863 3362 pater,
893 3300 1012 3363 pagna,
1036 3286 1279 3362 praeceptores,
1308 3299 1412 3345 aniius

344 3385 485 3468 natalis,
521 3404 624 3452 anulis
659 3386 788 3468 mortis,
823 3406 876 3452 res
911 3392 1026 3470 gestae
1064 3387 1225 3471 (merita),
1261 3404 1412 3451 numerus

346 3492 538 3559 orationum.

275 3599 319 3663 ΙΙ.
343 3598 414 3665 vita
436 3598 677 3666 Andocidis:
708 3606 819 3683 pater,
844 3619 940 3682 avuS,
966 3619 1086 3683 pagus,
1111 3602 1187 3666 ordo
1212 3599 1335 3682 patris,
1360 3619 1412 3665 res

344 3710 469 3789 gestae,
493 3724 597 3772 annus
620 3705 752 3789 natalis
776 3724 926 3772 numerus
950 3706 1141 3791 orationum,
1165 3707 1250 3772 ratio
1274 3705 1411 3772 dicendi.

257 3811 320 3876 ΙΙΙ.
345 3810 415 3878 vita
451 3811 628 3893 Lysiae:
670 3819 782 3895 pater,
820 3832 916 3896 avuS,
956 3833 1111 3896 proavus,
1152 3813 1275 3896 patria,
1307 3831 1412 3878 annus

345 3917 482 4002 natalis,
511 3938 564 3985 res
587 3924 716 4004 gestae,
748 3937 852 3985 annus
880 3919 1008 4004 mortis,
1040 3921 1219 3987 orationum
1250 3938 1411 4003 numerus,

344 4024 429 4092 ratio
453 4025 589 4092 dicendi.

238 4153 397 4161 -——---

326 4202 354 4271 *)
372 4201 421 4256 cfr.
439 4201 558 4256 vitarum
576 4206 683 4256 textum
701 4203 922 4258 commentationi
940 4204 1075 4258 adnexum
1093 4204 1241 4258 secundnm
1264 4203 1412 4258 editionem

236 4289 448 4346 Wcstermanm.
