2970 4746
313 475 403 544 εἶπεν
431 473 482 544 ότι
511 471 605 556 ,οὔτε
633 474 686 543 ὅτε
717 476 906 566 ἐτραγῴδεις
934 477 1070 556 ἐπειθές
1100 504 1151 562 με,
1184 474 1258 546 οὔτε
1286 490 1341 548 νῦν

220 594 281 652 155
312 590 438 661 πείσεις
466 584 721 669 σομβουλεόιυν.“
758 595 815 650 τοῦ
839 578 867 650 δ’
896 584 1133 672 ἐπιχειροῦντος
1161 587 1341 672 βιάζεσθαι

167 688 168 691 “
313 691 472 757 ἐκώλυσαν
488 683 584 757 αότδν
601 690 727 756 οἱκατὰ
744 690 801 780 τὴν
816 691 922 772 πόλιν,
947 693 1002 756 καὶ
1016 698 1230 781 Λημοσθένης
1242 692 1306 783 ἐφη
1316 696 1340 782 ¹)

311 790 371 877 ,μό
403 803 562 886 σωτηρίας
589 797 735 881 δεόμενος
762 803 942 887 κατέφυγον
972 799 1019 876 εἰς
1042 801 1236 887 Καλαυρίαν,
1270 794 1341 865 ἀλλ’

313 899 357 982 τός
380 903 512 991 ἐλέγξων
528 904 712 982 Μακεδόνας
743 908 798 970 καὶ
825 905 865 970 τὰ
889 916 954 972 τιῦν
977 912 1067 972 θεῶν
1090 912 1341 991 βιασαμένους.“

313 1011 448 1100 αἰτήσας
478 1037 513 1078 τε
540 1023 757 1099 γραμματεῖον
781 1011 929 1098 ἔγραψεν,
963 1007 1006 1090 ιδς
1033 1014 1091 1096 μὲν
1117 1014 1299 1102 Δημήτριος
1324 1009 1342 1080 ό

221 1126 281 1185 160
312 1119 441 1206 Μάγνης
465 1124 555 1207 φησί,
580 1118 617 1183 τὸ
641 1117 697 1184 ἐπὶ
720 1128 779 1206 τῆς
802 1118 923 1197 εἰκόνος
946 1112 1044 1185 αότοῦ
1066 1118 1204 1205 ἐλεγεῖον
1228 1119 1341 1206 ἐπιγε-

312 1231 491 1312 γραμμένον
513 1218 578 1291 ὑπὸ
602 1235 666 1291 των
685 1218 864 1314 Ἀθηναίων
887 1222 1027 1313 ὕστερον,

359 1332 452 1419 ε’ίπερ
475 1331 546 1421 ίσην
570 1331 679 1420 ῥώμην
701 1331 820 1419 γνώμη,
846 1332 1064 1421 Δημόσθενες,
1090 1332 1189 1416 ἐσχες,

404 1433 441 1505 οό
464 1432 539 1505 ποτ)
563 1436 602 1505 δν
624 1433 780 1526 Ἑλλήνιον
802 1428 892 1528 ἦρξεν
909 1434 1000 1528 ἰ’ίρης
1023 1440 1188 1507 Μακεδών.

314 1544 430 1633 [κεῖται
461 1538 490 1610 δ’
520 1539 537 1634 ἡ
568 1545 661 1612 είκιδν
692 1547 828 1634 πλησίον
858 1557 915 1612 τοι)
950 1553 1256 1633 περισχοινίσματος
1285 1551 1341 1613 καὶ

227 1659 288 1718 165
317 1661 373 1717 τοῦ
395 1658 505 1737 βωμοῦ
529 1661 594 1717 τῶν
617 1652 659 1735 ιβ
683 1659 773 1719 θεων
800 1646 865 1720 ’ὑπὸ
889 1653 1087 1719 Πολυεύκτου
1110 1655 1349 1744 πεποιημένη].’

323 1753 367 1836 ιδς
397 1751 425 1823 δ
449 1758 528 1825 ἐνεοί
553 1782 645 1849 φασι,
677 1769 773 1825 τοῦτο
802 1753 921 1848 εὑρέθη
951 1766 1177 1847 γεγραμμένον,
1207 1772 1343 1849 ,Δημο-

318 1870 438 1954 σθένης
458 1859 656 1954 Ἀντιπάτρῳ
677 1872 834 1954 χαίρειν.“
865 1859 1048 1932 ἀποθανεῖν
1063 1859 1091 1930 δ’
1108 1860 1204 1933 αὐτὸν
1228 1867 1340 1955 [Φιλό-

312 1998 406 2060 χορος
428 1979 486 2056 μέν
515 1973 608 2062 φησι]
641 1973 810 2061 φάρμακον
833 1973 965 2053 πιόντα,
992 1973 1145 2061 [Σάτυρος
1168 1967 1197 2038 δ)
1221 1968 1239 2039 δ
1262 1996 1341 2060 συγ-

315 2080 469 2168 γραφεὺς]
494 2080 549 2147 τὸν
571 2080 713 2165 κάλαμον
736 2080 987 2169 πεφαρμάχθαι,
1012 2071 1038 2167 ᾦ
1062 2080 1201 2169 γράφειν
1224 2076 1341 2170 ἤρξατο

224 2195 286 2252 170
315 2186 371 2275 τὴν
395 2186 576 2273 ἐπιστολήν,
603 2177 637 2251 οἶν
662 2186 855 2271 γευσάμενον
882 2180 1066 2253 άποθανεῖν
1090 2180 1340 2277 [Ἐρατοσθένης

313 2286 342 2357 δ’
374 2291 407 2358 ἐκ
437 2293 559 2359 πολλοῦ
593 2291 756 2358 δεδοικότα
785 2293 981 2382 Μακεδόνας]
1014 2295 1090 2381 περὶ
1118 2303 1165 2380 τηί
1195 2299 1339 2381 βραχίονι

315 2405 422 2485 κρίκον
455 2403 667 2486 περικεῖσθαι
701 2406 982 2488 πεφαρμαγμένον·
1026 2400 1090 2466 είσὶ
1121 2393 1150 2464 δ)
1182 2400 1216 2466 οἵ
1256 2424 1338 2490 φασι

314 2505 472 2588 συσχόντα
495 2497 590 2571 αότδν
621 2505 659 2570 τὸ
681 2514 809 2589 πνεῦμα
832 2499 1025 2586 άποθανεῑν,
1058 2506 1089 2572 οἱ
1113 2498 1142 2571 δ)
1165 2504 1259 2574 εἷπον
1282 2518 1339 2573 τοῦ

313 2612 394 2677 κατὰ
418 2612 473 2700 τὴν
496 2613 659 2701 σφραγῖδα
683 2612 855 2701 φαρμάκου
878 2613 1081 2698 γευσάμενον.
1129 2611 1205 2698 ἐβίω
1228 2615 1271 2693 δέ,
1297 2609 1340 2692 ιός

315 2719 373 2802 μὲν
398 2719 427 2784 οἱ
452 2717 492 2784 τά
517 2720 621 2784 πλείω
643 2721 802 2805 λέγουσιν,
828 2719 880 2807 ἐτη
905 2719 936 2799 ό,
962 2713 1006 2797 ιδς
1028 2712 1057 2784 δ’
1081 2719 1111 2784 οἱ
1135 2719 1175 2784 τὰ
1205 2718 1338 2799 ἐλάττω,

223 2832 284 2890 175
314 2824 368 2904 ξζ,
394 2824 625 2893 ἐπολιτεύσατο
648 2827 681 2892 δέ
704 2826 763 2911 κβ.
791 2819 898 2915 [ἡνίκα
922 2826 955 2892 δέ
973 2827 1136 2903 Φίλιππος
1160 2824 1337 2914 ἐτεθνήκει,

316 2933 466 3021 λαμπρόν
498 2934 623 3023 ἐσθητα
653 2935 817 3023 προῆλθεν
841 2931 933 3015 ἔχων,
958 2938 1064 2999 καίτοι
1092 2941 1148 3022 της
1177 2932 1340 3018 θυγατρὸς

314 3032 413 3105 αότοῦ
436 3043 552 3107 νεωστὶ
574 3041 839 3128 τετελευτηκυίας,
864 3037 1057 3127 ἐφηδόμενος
1080 3047 1126 3126 τηί
1149 3048 1205 3103 τοῦ
1229 3049 1338 3105 Μακε-

314 3146 402 3224 δόνος
431 3146 578 3233 θανάτῳ.
625 3145 799 3234 συνήργησε
830 3146 863 3211 δὲ
890 3146 946 3210 καί
979 3149 1128 3231 θηβαίοις
1154 3143 1238 3232 πρὸς
1255 3138 1338 3212 Ἀλί-

318 3253 446 3339 Ιξυνδρον
469 3254 646 3336 πολεμοῦσι
669 3253 725 3317 καὶ
748 3251 823 3329 τοδς
846 3245 959 3330 ἄλλους
975 3246 1131 3340 Ἕλληνας
1159 3249 1338 3339 ἐπέρρωσεν

225 3367 287 3427 180
315 3355 378 3426 άεί·
414 3358 527 3446 διόπερ
561 3357 663 3448 θηβας
690 3359 904 3445 κατασκάψας
933 3356 1036 3446 ἐξῄτει
1058 3349 1137 3444 παρ’
1159 3350 1338 3446 Ἀθηναίων

309 3459 503 3552 Ἀλέξανδρος
518 3457 624 3543 αότόν,
648 3457 793 3532 άπειλιῦν
816 3465 845 3532 εί
867 3465 912 3554 μη
927 3466 1066 3553 δοίησαν.
1091 3469 1334 3551 στρατευομένη)

314 3569 342 3637 δ’
367 3565 454 3659 αὕτη]
478 3570 535 3638 ἐπὶ
559 3578 683 3659 Πέρσας
712 3575 767 3639 καὶ
795 3571 938 3639 αἰτοῦντι
967 3569 1113 3638 ναυτικὸν
1142 3563 1220 3657 παρ’
1241 3563 1338 3659 Ἀθη-

316 3685 413 3746 ναίων
442 3671 606 3756 άντεῑπεν,
637 3672 749 3766 άδηλον
778 3678 881 3746 είπιδν
911 3678 940 3743 εἰ
971 3671 1008 3744 υό
1032 3677 1113 3743 κατὰ
1137 3688 1201 3742 τιῦν
1232 3703 1338 3764 παρα-

315 3786 454 3868 σχόντων
483 3784 659 3873 χρησει·αι[.
707 3787 858 3851 κατέλιπε
889 3785 922 3848 δέ
949 3784 1005 3849 δόο
1040 3784 1160 3862 παῖδας
1194 3783 1227 3848 ἐκ
1262 3794 1339 3867 μιιὶς

238 3898 240 3903 ’
314 3892 461 3978 γυναικὸς
490 3899 554 3955 τῶν
589 3883 778 3974 εὐδοκίμων,
812 3884 1014 3979 [Ἡλιοδώρου
1049 3891 1136 3969 τινός
1165 3890 1336 3977 θυγατρός.

225 4007 286 4066 185
316 4003 482 4084 θυγατέρα
510 3998 544 4062 δέ
566 4002 644 4079 μίαν
673 3995 771 4080 ἐ’σχεν,
796 3993 814 4085 ἢ
845 4007 925 4074 παῖς
955 3996 1003 4065 ἐτι
1032 3987 1111 4063 σέσα
1140 3997 1205 4085 πρὸ
1235 3997 1339 4084 γάμου

253 4234 273 4300 ¹)
294 4233 410 4287 Photius
430 4249 456 4300 μ.
475 4234 529 4285 494
548 4230 565 4285 b
584 4232 618 4285 26
638 4229 727 4285 addit:
746 4225 821 4302 μάλα
834 4235 970 4303 γενναίως
990 4234 1037 4286 καί
1055 4233 1185 4304 φαιδρῶς.
