2970 4746
728 277 746 336 9

242 488 343 552 Multo
376 485 479 568 magis
510 482 674 551 offeudruit
707 486 880 550 earundem
915 503 1021 549 rerum
1057 483 1323 565 amplificationes

153 602 210 659 arrt
245 594 455 676 repetitiones
491 612 571 672 quae
606 592 640 656 iu
674 591 781 672 priore
816 591 957 657 vitarum
989 596 1083 672 parte
1117 589 1325 656 inveniuntur

153 700 311 781 tacileqne
336 720 353 764 e
377 701 447 767 vita
473 698 627 780 primaria
650 705 786 780 possunt
809 697 915 763 eximi.
963 701 1069 779 Atque
1093 696 1227 780 primum
1257 696 1324 778 qui-

152 808 221 871 dem
247 827 287 872 ex
304 807 479 871 Audocidis
503 806 574 871 vita
589 826 619 871 v.
639 813 723 871 5--7
742 825 811 870 eum
827 825 857 870 v.
879 811 1006 870 15-18
1031 805 1083 870 hic
1107 804 1323 870 conferantur.

152 912 191 975 Iu
215 933 245 977 v.
273 919 358 976 5—7
385 914 427 976 ab
451 911 617 978 Andocide
641 912 833 994 Corcyraeis
856 911 1011 976 auxilium
1036 912 1136 976 latum
1161 929 1234 976 esse
1258 916 1324 974 tra-

152 1019 239 1083 ditur
262 1018 451 1099 gerentibus
475 1019 592 1084 bellum
609 1039 679 1084 cum
696 1018 882 1084 Corinthiis.
922 1019 1013 1102 Quae
1029 1020 1325 1099 sequunturuerba

149 1145 181 1189 v.
208 1131 226 1187 9
251 1123 302 1187 du>
328 1123 365 1186 τό
392 1144 490 1206 usque
520 1127 561 1190 ad
588 1133 626 1190 17
657 1122 865 1210 (dedicante
890 1124 984 1211 φησι)
1009 1124 1189 1207 posteriore
1213 1130 1323 1191 aetate

153 1232 265 1295 addita
289 1232 358 1295 sive
382 1232 549 1313 adscripta
572 1233 613 1297 ad
638 1213 815 1314 marginem
840 1231 909 1298 sive
933 1231 966 1296 iu
991 1238 1176 1298 contextum
1197 1232 1324 1298 intrusa

153 1359 192 1401 eu
221 1338 414 1418 repetitione
444 1338 572 1404 videtur
601 1359 695 1419 posse
727 1339 872 1403 concludi
905 1359 987 1419 quae
1022 1338 1108 1404 inest
1142 1339 1175 1403 iu
1205 1359 1234 1404 v.
1272 1345 1325 1402 17:

153 1444 226 1526 :rapi
253 1442 307 1528 ripn
331 1436 449 1529 ἀγορὰν
472 1437 589 1529 Ἑρμᾶς
612 1449 811 1529 adepteuoduu'
841 1445 874 1509 ill
899 1445 1013 1526 quibus
1038 1447 1233 1510 verbotenus
1258 1446 1325 1511 fere

153 1570 182 1615 v.
208 1557 241 1613 8:
267 1548 339 1624 τοὺς
362 1543 485 1634 Ἑρμᾶς
508 1549 692 1635 περικόψας
706 1589 709 1596 .
723 1551 940 1618 inveniuntur.
988 1553 1167 1617 Praeterea
1190 1551 1326 1617 Photius

152 1657 280 1722 arnissis
304 1657 371 1722 illis
395 1664 469 1738 post
491 1666 530 1742 τῇ
555 1666 618 1720 ardu
640 1661 823 1744 μυστηρίων
846 1666 902 1744 τῆς
928 1656 1094 1744 ,Ιήγιητρος
1116 1651 1204 1742 ὕβρει
1227 1677 1326 1739 usque

152 1764 193 1828 ad
217 1755 367 1849 ἄγιέιγιγε
393 1768 520 1848 κριθείς
545 1764 653 1847 pergit
677 1784 856 1847 congruens
885 1783 956 1830 cum
979 1750 1271 1846 Pseudcplutarchi
1295 1785 1324 1831 v.

157 1877 208 1934 ta:
241 1871 369 1954 aptitat-
396 1864 424 1933 δ’
448 1862 504 1935 e'ai
536 1870 661 1946 τούτοις
690 1864 857 1957 ἀπέφυγεν
891 1869 946 1934 tot
978 1878 1023 1956 cpi
1057 1869 1209 1956 μηνύσειν
1244 1870 1326 1956 πρὸς

152 1969 347 2053 ἀδικοῦντας.
379 1979 469 2043 Unde
487 1998 581 2059 posse
598 1978 727 2043 videtur
743 1978 888 2043 concludi
905 1983 1007 2043 totam
1024 1978 1108 2043 hanc
1125 1979 1320 2044 senteutiam

155 2083 332 2164 posteriore
357 2090 467 2149 aetate
490 2084 523 2148 iu
547 2084 649 2149 vitam
673 2084 860 2166 primariam
883 2083 1105 2150 induxissent
1128 2104 1242 2150 versus
1266 2105 1322 2150 an-

154 2191 340 2255 tecedentes
365 2191 548 2256 accuratius
573 2191 923 2257 circumscribereutur.

248 2299 348 2362 Porro
383 2297 472 2363 vitae
509 2297 675 2379 Lysiacae
699 2298 744 2363 ‘v.
783 2303 913 2362 38-39
954 2303 1144 2384 γεννηθῆναι
1177 2298 1210 2362 δέ
1246 2319 1327 2384 poor

154 2397 210 2468 ἐπὶ
238 2404 426 2478 Φιλοκλέους
452 2396 602 2488 ἄρχοντος
626 2405 696 2470 sine
720 2404 815 2470 dubio
839 2403 1065 2486 repetitionem
1089 2409 1263 2486 praebent3
1296 2428 1326 2472 v.

155 2520 173 2575 ti
199 2510 282 2576 enim
311 2510 375 2576 iam
403 2511 541 2594 legimus
566 2504 624 2575 ἐπὶ
650 2511 835 2587 Φιλοκλέους
858 2504 1024 2597 ἄρχοντος,
1050 2517 1084 2576 et
1113 2513 1195 2577 haec
1226 2515 1328 2578 verba

155 2624 232 2682 ante
256 2638 285 2683 v.
313 2624 353 2682 38
371 2623 442 2681 --3u
472 2618 607 2684 iuventa
635 2638 708 2683 esse
731 2618 763 2682 in
789 2618 859 2684 vita
882 2639 940 2699 pro
964 2624 1052 2684 certo
1076 2619 1257 2684 habendum
1281 2620 1327 2685 vi-

154 2726 262 2799 detum
292 2743 366 2789 uam
398 2730 431 2790 et
461 2731 711 2790 consentaneum
744 2732 795 2790 est
825 2724 857 2789 iu
890 2723 1021 2790 exordio
1046 2723 1135 2790 vitae
1159 2745 1219 2805 quo
1244 2745 1328 2791 arruo

154 2837 250 2896 natus
275 2831 319 2895 sit
343 2837 453 2896 orator
469 2831 585 2896 referri
608 2869 653 2877 -—
676 2837 710 2896 et
734 2832 813 2896 haec
842 2831 1014 2897 concinunt
1038 2850 1108 2895 cum
1131 2830 1327 2911 reliquarum

153 2938 294 3003 vitarum
310 2938 436 3004 ratione
477 2977 500 2983 -
528 2944 561 3003 et
581 2958 678 3004 versu
703 2946 721 3002 6
747 2939 845 3003 multo
870 2937 1054 3003 accuratius
1079 2957 1182 3003 annus
1206 2938 1328 3004 natalis

154 3044 325 3126 exponitur
356 3047 426 3129 (voro
456 3043 537 3126 μετὰ
564 3044 750 3132 apamen.)
797 3046 931 3110 Iutrusa
962 3049 1070 3110 autem
1102 3048 1154 3110 est
1176 3044 1329 3126 repetitio

154 3151 328 3232 additaque
362 3154 402 3217 ad
434 3152 548 3218 mortis
582 3171 699 3217 aunum
730 3157 766 3218 ut
797 3151 871 3216 inde
903 3151 992 3218 vitae
1024 3150 1164 3232 spatium
1199 3151 1328 3217 facilius

154 3266 378 3341 cognoscatur.

244 3369 369 3434 Addam
405 3367 561 3433 [socratis
600 3374 728 3432 70-.,73
768 3367 821 3448 qui
860 3386 974 3432 versus
1014 3365 1041 3430 si
1082 3384 1142 3430 uon
1178 3370 1330 3446 repetunt

154 3479 299 3538 attamen
318 3479 469 3554 spectant
493 3476 544 3539 vel
562 3473 669 3555 potius
686 3475 885 3555 amplificant
901 3474 998 3539 alium
1015 3475 1126 3539 locum.
1168 3476 1329 3540 (iuuenum

154 3571 262 3645 autem
287 3581 334 3645 sic
358 3586 434 3661 puto
451 3580 594 3645 institui:
618 3586 693 3662 post
716 3601 745 3647 v.
765 3588 805 3644 dd
831 3600 897 3661 sqq.
916 3579 1046 3646 uberius
1071 3600 1156 3645 mors
1173 3581 1329 3646 isocratis

153 3695 322 3768 narratur;
348 3688 557 3769 sequentibus
575 3688 722 3754 adnectit
738 3687 879 3754 vitarum
895 3687 1086 3769 compilator
1102 3688 1330 3754 adnotationes

155 3798 195 3862 de
220 3796 439 3861 orationibus:
485 3798 523 3862 de
559 3795 816 3879 Panathenaico,
852 3797 1008 3861 adversus
1047 3794 1247 3879 Philippum,
1290 3796 1331 3860 ad

153 3902 324 3968 Nicoclem.
386 3904 471 3968 Sane
507 3903 604 3969 etiam
640 3904 682 3968 ad
717 3903 801 3968 hanc
835 3903 1012 3968 orationem
1049 3908 1328 3968 conuuemoratam

154 4009 378 4074 additamenta
402 4010 631 4093 adiunguntur,
656 4011 713 4075 sed
738 4010 826 4092 haec,
851 4009 884 4073 ui
906 4010 1010 4083 fallor,
1035 4010 1264 4088 ‹purodammodo
1288 4009 1329 4073 ad

154 4116 319 4181 orationes
335 4116 510 4196 pertinent.
528 4137 558 4182 v.
579 4124 618 4181 75
644 4117 727 4181 euim
745 4116 900 4197 scriptum
917 4115 1062 4181 videmus
1086 4115 1140 4177 καὶ
1157 4113 1330 4176 udinese

153 4220 282 4306 λαβὼν
305 4215 388 4308 ὑπὲρ
411 4232 466 4286 τοι)
492 4221 572 4310 πρὸς
596 4214 693 4286 αὐτὸν
715 4225 893 4308 γραφέντος
908 4219 1012 4304 λόγου,
1037 4221 1121 4286 unde
1137 4227 1235 4302 captu
1250 4237 1331 4301 quae
