2970 4746
733 309 770 370 ll

156 526 223 601 est;
249 501 338 602 prior
359 523 441 583 enim
458 520 548 585 locus
563 524 617 584 est
632 519 672 582 de
688 518 860 583 liberorum
877 517 1092 600 accusatione,
1116 519 1276 600 posterior
1292 521 1331 585 de

156 626 299 693 oratoris
331 625 449 707 ipsins;
482 625 731 706 interponuntur
755 643 784 689 v.
815 629 948 689 89—94
977 625 1016 689 de
1051 626 1206 706 sepulcro.
1261 625 1332 690 Hoc

155 733 227 799 deri
257 751 320 797 non
355 731 501 813 potuisse
532 738 624 812 pnto;
661 749 735 795 nam
764 729 792 794 si
820 731 860 795 de
888 729 1001 796 liberis
1038 730 1201 796 accusatis
1231 730 1331 796 voluit

112 912 114 915 ,
156 839 266 904 dicere
298 837 506 918 compilator,
538 837 618 901 haee
650 837 751 901 verba
780 840 857 900 aute
890 855 918 900 v.
948 841 1008 900 102
1033 837 1173 901 debebat
1203 854 1330 917 ponere,

155 943 211 1010 rrbi
235 943 423 1010 accuratius
453 943 493 1007 de
517 941 584 1007 illis
608 943 765 1006 doeemur.
792 961 821 1007 v.
845 947 887 1006 99
911 960 1019 1022 porro:
1056 940 1108 1003 καὶ
1133 938 1331 1026 ἐτελεύτησεν

156 1047 300 1135 ἐπιεικὴς
331 1049 504 1130 νομισθεὶς
538 1045 626 1132 παρὰ
664 1046 772 1112 πάντα
802 1045 857 1111 τὸν
892 1055 948 1110 τοῦ
977 1051 1048 1129 βίον
1075 1045 1186 1132 χρόνον
1216 1047 1270 1110 καὶ
1299 1044 1331 1111 ἐν

154 1155 264 1240 λόγοις
280 1153 470 1230 ἐπαινεθείς
491 1155 531 1220 ef.
550 1174 620 1220 erum
639 1160 679 1219 36
694 1174 740 1234 sq.
758 1152 913 1218 διετέλεσέ
936 1177 971 1218 τε
994 1152 1048 1218 τὸν
1072 1149 1199 1218 ἅπαντα
1220 1151 1331 1238 χρόνον

156 1255 334 1344 er'doarpn‘n'
362 1260 450 1345 reond
483 1271 551 1338 τοῖς
570 1253 747 1347 Ἀθηναίοις
776 1261 827 1324 καὶ
852 1261 974 1337 δίκαιος
1002 1258 1083 1326 εἶναι
1112 1259 1328 1342 νομιζόμενος

156 1371 237 1436 haee
282 1371 478 1435 verbotenus
521 1368 589 1433 iere
635 1368 851 1433 consentiunt.
921 1371 1011 1452 Quae
1057 1363 1117 1434 ad
1140 1368 1331 1449 explicanda

156 1476 233 1542 mihi
283 1494 473 1556 persuasum
523 1480 574 1540 est
620 1495 649 1540 v.
695 1481 861 1540 95—102
912 1475 1090 1557 posteriore
1141 1481 1251 1540 aetate
1297 1475 1329 1538 in

137 1583 258 1649 'vitam
283 1581 472 1664 primariam
495 1600 568 1647 esse
592 1581 745 1646 intrusos.
793 1581 991 1663 Compilator
1013 1581 1115 1664 igitur
1139 1602 1167 1648 v.
1195 1587 1235 1646 36
1258 1599 1327 1663 sqq.

140 1689 280 1756 ,invenit
305 1687 518 1754 iustissimum
549 1707 676 1769 semper
705 1707 777 1753 sese
800 1687 990 1769 praebuisse
1019 1687 1121 1753 civem
1145 1689 1328 1770 Lycurgum

156 1801 259 1862 totam
276 1815 334 1877 per
350 1794 440 1860 vitae
456 1800 609 1878 aetatem,
622 1795 747 1861 invenit
763 1801 936 1876 praeterea
952 1794 1189 1860 Menesaeehmi
1205 1814 1329 1875 nomen,

156 1901 359 1970 acerrsatnris
388 1902 572 1984 liberorum,
602 1901 713 1982 itaque
736 1900 788 1967 his
812 1901 997 1983 compositis
1021 1901 1169 1982 interque
1194 1921 1228 1966 se
1252 1921 1325 1966 eon-

154 2010 275 2077 innctis
299 2009 449 2077 adiunxit
473 2009 764 2091 amplificationem.

245 2118 413 2182 Postremo
443 2114 610 2197 pertinent
638 2115 700 2180 hue
723 2114 952 2180 Demosthenis
976 2114 1064 2180 vitae
1088 2135 1117 2180 v.
1147 2121 1328 2197 lut-mia,

155 2243 228 2290 nam
242 2223 493 2289 Demosthenem
506 2221 538 2287 id
551 2241 693 2305 curasse,
710 2227 746 2286 nt
762 2240 831 2286 erum
845 2220 1010 2287 Thebanis
1026 2241 1137 2303 pacem
1155 2223 1329 2304 foedusque

154 2328 281 2395 icerent
304 2327 523 2394 Athenienses
555 2327 620 2392 iam
645 2347 674 2393 v.
701 2334 742 2392 50
767 2345 836 2408 sqq.
861 2326 1057 2408 explicatum
1088 2348 1191 2411 neque
1215 2328 1328 2394 verisi-

154 2435 230 2501 mile
254 2440 307 2502 est
330 2435 412 2500 talia
433 2439 507 2516 post
530 2440 665 2500 mortem
681 2438 961 2500 commemoratam
982 2435 1085 2500 denuo
1110 2435 1233 2516 scripta
1256 2454 1328 2500 esse

154 2563 175 2607 a
202 2541 377 2623 primariae
406 2541 496 2606 vitae
525 2546 666 2607 auctore.
718 2542 834 2622 Itaque
858 2560 876 2605 e
906 2541 1059 2622 primaria
1090 2541 1161 2608 vita
1189 2541 1327 2607 eiciendi

154 2654 240 2714 sunt.
289 2631 373 2714 Tota
397 2667 491 2730 porro
515 2647 662 2713 narratio
686 2648 725 2712 de
750 2646 928 2728 Hyperidis
951 2653 1054 2713 morte
1079 2646 1262 2731 (Pseudopl.
1286 2654 1327 2712 37

153 2755 193 2820 ef.
224 2775 250 2820 e.
285 2755 452 2821 Demosth.
482 2753 554 2820 vita
587 2761 649 2820 150
679 2753 765 2838 sqq.)
801 2773 870 2820 cum
903 2756 1121 2820 Demosthene
1157 2760 1328 2837 tantopere

153 2862 296 2929 concinit
319 2868 356 2928 ut
379 2861 520 2944 suspicio
544 2862 677 2928 oriatur.
725 2862 790 2927 Sed
821 2867 943 2927 certum
967 2863 1006 2928 de
1031 2862 1082 2927 his
1112 2863 1256 2944 proferre
1280 2861 1326 2927 iu·

153 2968 271 3035 dicium
295 2988 358 3034 non
375 2969 487 3034 ausim.
524 2969 578 3033 Ex
593 2969 644 3034 his
668 2967 858 3052 certissime,
882 2968 915 3033 ni
931 2969 1063 3051 egregie
1086 2969 1192 3052 fallor,
1213 2989 1327 3052 cogno·

154 3075 257 3141 scitur
280 3073 314 3140 in
346 3073 534 3157 primariam
558 3074 660 3141 vitam
684 3074 907 3140 additamenta
938 3074 1124 3141 inmanasse
1148 3093 1230 3157 quae
1254 3095 1327 3141 nnc·

155 3180 236 3246 toris
271 3180 419 3262 primarii
446 3199 510 3246 nnn
541 3185 632 3262 sunt3
668 3181 830 3246 addantur
864 3182 1012 3263 exempla
1046 3182 1201 3247 nonnulle
1235 3199 1327 3265 qnae,

154 3304 348 3369 quamquam
375 3306 438 3353 non
467 3290 508 3353 ab
539 3286 626 3352 omni
649 3287 852 3353 dubitatione
875 3294 984 3354 amota
1008 3293 1097 3372 sunt,
1122 3294 1230 3354 tamen
1255 3308 1326 3354 sen·

153 3393 292 3460 tentiam
326 3394 416 3460 illam
452 3396 591 3477 probare
629 3394 786 3460 videntur.
846 3395 1071 3477 Compluribus
1110 3395 1211 3478 igitur
1248 3396 1327 3462 locis

153 3501 295 3569 vitarum
319 3501 449 3568 fabulae
472 3501 681 3569 inveniuntur
711 3501 764 3567 vel
792 3502 1026 3567 sententiarum
1050 3502 1327 3587 amplificationes,

154 3627 236 3690 qnae
271 3607 348 3674 novi
378 3607 460 3674 nihil
489 3614 662 3692 enarrant,
693 3610 750 3674 sed
777 3607 909 3674 uberius
940 3613 1066 3673 tantum
1095 3615 1193 3690 atque
1228 3610 1327 3677 latins

153 3733 237 3798 quae
268 3716 466 3780 antecedunt
492 3716 697 3780 adumbrant.
752 3715 823 3780 Hoc
851 3715 920 3780 loco
955 3715 1093 3796 ponendi
1128 3722 1205 3782 sunt
1238 3717 1327 3783 vitae

154 3820 365 3903 Antiphontis
382 3840 411 3887 v.
430 3826 573 3904 44-56,
597 3821 653 3888 ubi
676 3823 715 3888 de
739 3827 842 3887 morte
857 3821 1069 3904 Antiphontis
1094 3841 1176 3905 qnae
1192 3823 1327 3904 quisque

154 3932 268 3994 auctor
290 3927 465 3994 tradiderit
493 3927 644 3994 refertur.
692 3929 790 3994 Tales
818 3928 1030 4010 repetitiones
1054 3930 1107 3996 vel
1130 3930 1237 4012 potins
1262 3950 1326 3996 am·

155 4033 370 4114 plificationcs
399 4033 564 4101 offendunt
593 4040 628 4100 et
650 4035 706 4101 vix
733 4040 842 4118 putem
866 4036 907 4100 ab
932 4041 1063 4101 anctore
1093 4036 1247 4118 primario
1270 4055 1327 4102 eas

154 4139 285 4206 additas
308 4159 390 4207 esre.
437 4141 563 4207 Deinde
578 4141 670 4208 vitae
686 4141 808 4223 Lysiae
832 4161 861 4208 v.
881 4148 1021 4226 37—39,
1043 4142 1133 4209 vitae
1150 4142 1326 4224 Hyperidis

159 4263 190 4311 v.
216 4249 349 4324 41-55
373 4247 416 4314 ad
442 4246 527 4313 idem
556 4254 723 4330 spectant3
754 4254 927 4330 praeterea
955 4249 1044 4316 vitae
1067 4249 1273 4315 Andocideae
1296 4269 1325 4316 v.
