2970 4746
613 290 826 385 „EQ-

279 493 466 584 Ῐίσκληπιύν
496 495 747 582 προπαροξύνων
772 489 980 583 [Ἀσκληπιοκ
1005 496 1057 560 καί
1083 497 1305 582 παρεδείκνυεν

283 599 378 671 αύτὸν
407 599 518 692 ύρθως
545 605 685 688 λέγοντα
717 599 799 669 εἶναι
827 603 888 690 γάρ
911 602 967 669 τὸν
996 603 1076 669 θεὸν
1102 598 1204 688 ἤπιον.
1252 604 1306 667 καὶ

282 713 337 778 ἐπὶ
360 712 464 798 τούτῳ
481 711 636 788 πολλάκις
652 710 863 798 ἐθορυβηθηλ.
900 709 1059 793 σχολάσας
1074 703 1103 775 δ)
1127 703 1305 796 Εύβουλίδη

282 828 328 904 τηῖ
352 819 539 903 διαλεκτικῷ
562 817 710 904 Μιλησίῳ
741 815 1006 902 ἐπηνωρθώσατο
1037 816 1154 882 πάντα.
1203 814 1306 903 [γενύ-

216 935 256 992 79
284 949 378 1006 μενος
401 924 434 988 δέ·
458 925 511 987 καὶ
542 921 574 988 ἐν
603 933 640 1010 τῇ
665 916 856 1009 Ὀλυμπιακῇ
885 923 1061 1010 πανηγύρει
1084 924 1136 988 καί
1167 915 1307 999 άκυύσας

283 1031 439 1113 Λαμάχου
463 1040 518 1094 του
547 1034 726 1115 Τερειναίου
752 1029 918 1103 Φιλίππου
949 1030 1003 1094 καὶ
1025 1022 1222 1115 Ἀλεξάνδρου
1254 1028 1306 1113 ἐγ-

283 1139 404 1222 κιύμιον
427 1132 710 1223 άναγινιύσκοντος,
732 1142 875 1224 θηβαίων
891 1136 924 1202 δὲ
947 1139 998 1201 καί
1016 1129 1185 1202 Ὀλυνθίων
1208 1161 1307 1200 κατα-

286 1251 452 1332 ιρίχοντος,
478 1244 687 1332 νιαρανάστας
711 1237 851 1330 άρχαίων
875 1253 1018 1331 ποιητιῦν
1033 1248 1209 1329 μαρτυρίας
1225 1267 1306 1329 προ-

282 1359 434 1442 ηνέγκατο
472 1354 548 1438 περὶ
586 1361 650 1416 τῶν
693 1357 840 1439 (δηβαιόις
885 1352 939 1415 καὶ
977 1344 1158 1427 Ὀλυνθίοις
1204 1350 1307 1426 καλῶς

217 1469 256 1527 75
287 1465 507 1548 νιραχθέντων,
533 1452 578 1535 ιύς
601 1457 799 1524 παύσασθαί
821 1483 855 1523 τε
879 1456 917 1524 τὸ
939 1456 1054 1523 λοιπὸν
1076 1456 1131 1522 τὸν
1154 1455 1308 1540 Λάμαχον

282 1569 335 1632 καὶ
371 1576 484 1654 φυγεῖν
520 1565 554 1630 ἐκ
581 1575 637 1653 της
668 1564 898 1654 πανηγύρειυς].
954 1565 1118 1630 Φίλιππον
1157 1563 1189 1628 δὲ
1227 1562 1308 1647 πρὸς

282 1672 357 1750 τούς
392 1667 612 1759 άναψέροντας
652 1665 739 1757 αύτηῖ
776 1671 835 1748 τάς
868 1663 938 1735 κατ’
981 1662 1081 1735 αύτοῦ
1116 1671 1308 1757 δημηγορίας

283 1781 388 1846 εἰπεῖν
411 1775 461 1845 ύτι
484 1780 562 1858 „nal
585 1771 681 1855 αὐτὸς
704 1776 743 1843 ἐν
766 1771 892 1843 άκούων
915 1779 1061 1862 λέγοντος
1079 1781 1308 1864 Δημοσθένους

283 1885 501 1973 ἐχειροτόνησα
531 1884 586 1951 τὸν
613 1880 710 1971 ἄνδρα
734 1884 815 1972 πρὸς
838 1883 893 1951 τὸν
923 1877 993 1948 κατ’
1018 1882 1095 1966 ἐμοῦ
1124 1883 1275 1964 πόλεμον.
1286 1891 1305 1919 “

286 1993 391 2059 ἐκάλει
416 1994 448 2058 δὲ
472 1992 545 2070 τούς
568 1992 626 2076 μὲν
650 1985 747 2056 αύτυι)
771 1991 884 2076 λόγους
901 1985 1031 2074 ὁμοίους
1054 2001 1123 2068 τοῖς
1147 1989 1308 2076 στρατιιύ-

216 2109 256 2167 80
286 2125 357 2177 ταις
386 2099 438 2165 διὰ
470 2098 526 2185 τὴν
556 2097 732 2184 πολεμικὴν
760 2097 906 2181 δύναμιν,
939 2096 1014 2174 τοὺς
1048 2089 1076 2161 δ’
1109 2089 1310 2183 Ἰσοκράτους

284 2218 351 2284 τοῖς
374 2199 543 2294 άθληταῑς·
579 2210 695 2291 τέρψιν
718 2203 778 2290 γάρ
801 2209 951 2292 παρέχειν
983 2196 1100 2281 αύτούς
1122 2201 1307 2289 θεατρικήν.

287 2315 312 2398 ¹)
322 2314 347 2394 ζ’
372 2314 405 2378 δὲ·
428 2315 482 2379 καὶ
505 2312 533 2376 λ’
558 2311 612 2401 ἐτη
635 2313 773 2399 γεγονιδς
798 2313 1025 2402 [λογιζομένοις
1054 2307 1123 2379 άπὸ
1148 2312 1308 2392 Δεξιθέου

284 2420 330 2497 εἷς
358 2420 583 2509 Καλλίμαχονλ,
615 2414 668 2509 ἐφ’
701 2410 735 2486 ού
768 2425 835 2508 παῤ
866 2413 1036 2492 Ὀλυνθίων
1066 2411 1121 2507 ίμε
1152 2424 1308 2506 πρεσβεία

283 2529 359 2613 περὶ
389 2537 446 2614 τῆς
472 2532 636 2615 βοηθείας,
670 2527 743 2594 ἐπεὶ
775 2526 940 2609 ἐπιέζοντο
968 2522 1034 2594 ὑπὸ
1067 2528 1232 2592 Φιλίππου
1261 2535 1308 2613 την

215 2642 255 2701 85
286 2635 417 2720 πολέμῳ
447 2632 575 2700 ’ἐπεισεν
608 2633 776 2720 ἐκπέμψαι
807 2634 863 2723 τὴν
890 2634 1057 2721 βοήθειαν·
1092 2632 1151 2720 [τῷ
1173 2626 1200 2696 δ’
1230 2631 1308 2720 ἑξῆς,

284 2734 337 2827 ἐφ’
373 2732 408 2806 οἷν
432 2739 567 2806 Πλάτων
595 2740 793 2829 ἐτελεύτησε,
827 2742 991 2818 Φίλιππος
1020 2733 1203 2816 Ὀλυνθίους
1232 2763 1309 2802 κατ-

285 2853 475 2935 εστρέψατο.
513 2847 593 2933 ἐγνιυ
617 2841 645 2912 δ’
669 2841 764 2914 αύτδν
792 2850 846 2913 καὶ
879 2857 1030 2936 Ξενοφῶν
1062 2841 1079 2911 ύ
1110 2844 1311 2934 Σωκρατικὸς

283 2950 303 3040 ἢ
329 2946 503 3042 άρχύμενον
530 2950 549 3042 ἢ
576 2947 773 3038 είκμάζοντα·
814 2965 859 3042 τη)
894 2955 953 3037 μὲν
986 2953 1048 3042 γάρ
1081 2949 1122 3017 τά
1144 2947 1308 3040 Ἑλληνικά

286 3059 423 3126 ἐτελεῖτο
452 3061 499 3138 εἰς
527 3061 567 3126 τά
598 3062 673 3150 περὶ
697 3061 754 3149 τὴν
777 3061 809 3128 ἐν
832 3066 1008 3149 Μαντινείᾳ
1036 3059 1149 3148 μάχην,
1174 3053 1310 3148 άρχοντα

243 3207 245 3212 ·
285 3166 318 3232 δέ
341 3170 560 3257 Χαρικλείδην,
586 3163 652 3235 δδὲ·
675 3168 830 3257 πρότερον
851 3167 907 3235 ἐπὶ
927 3167 1142 3255 Τιμοκράτους
1157 3165 1222 3234 είλε
1237 3166 1311 3244 τούς

213 3283 254 3342 90
285 3273 506 3366 ἐπιτρόπους]
549 3277 575 3362 2)
584 3276 760 3364 φεύγοντος
782 3270 810 3340 δ’
834 3276 989 3359 Αἰσχίνου
1019 3274 1100 3360 μετὰ
1133 3274 1189 3361 την
1211 3298 1310 3339 κατα-

285 3382 372 3470 δίκην
401 3381 496 3468 (ίππηι
528 3383 715 3461 κατεδίωξεν
746 3376 853 3462 αύτύν,
886 3393 941 3451 τοῦ
970 3376 998 3446 δ’
1024 3383 1191 3470 οἰηθέντος
1214 3373 1311 3445 αύτὸν

285 3490 570 3574 συλλαμβάνεσθαι
596 3492 650 3554 καὶ
677 3489 920 3577 προσπεσόντος
943 3492 997 3555 καὶ
1021 3490 1307 3574 συγκαλυψαμένου

285 3589 468 3683 α’ναστήσας
503 3591 599 3663 αύτδν
633 3596 893 3685 παρεμυθήσατο
927 3598 981 3662 καὶ
1011 3595 1167 3662 τάλαντον
1198 3593 1312 3660 ἐ’διυκεν

285 3695 476 3790 α’ργυρίουδ)
494 3704 561 3793 [καί
577 3705 801 3789 συνεβούλευσε
817 3705 850 3770 δέ
865 3714 911 3791 τηῖ
926 3704 1015 3792 δημηι
1033 3703 1151 3781 ξενικὸν
1167 3701 1199 3769 ἐν
1216 3700 1311 3788 θάσηι

213 3816 254 3876 95
284 3815 414 3897 τρέφειν
438 3812 493 3876 καὶ
508 3810 565 3877 ἐπὶ
580 3811 683 3898 τούτῳ
700 3810 888 3900 τριηράρχης
903 3810 1112 3899 ἐξέπλευσεν].
1137 3808 1311 3897 *)σιτιύνης

226 3989 247 4055 1)
267 3990 382 4044 Photius
402 4007 428 4058 p.
447 3994 500 4045 492
519 3991 535 4044 b
556 3992 668 4046 18-99,

227 4079 249 4144 2)
268 4078 383 4134 Photius
402 4096 428 4148 p.
447 4083 500 4135 493
519 4081 535 4136 b
554 4083 668 4136 31-34.

228 4167 251 4234 ³)
271 4168 387 4224 Photius
406 4169 484 4223 addit
502 4187 528 4238 p.
547 4173 600 4225 493
619 4169 636 4224 b
655 4172 780 4224 34-494
799 4187 815 4223 a
833 4173 859 4223 2.

228 4255 251 4323 4)
270 4256 387 4313 Photius
405 4275 432 4327 p.
451 4261 505 4314 494
523 4275 539 4313 a
558 4262 574 4313 3
592 4275 651 4328 sqq.
