2984 4756
739 307 756 367 7

637 390 849 402 ια’-*ιι

184 515 239 579 lV.
266 515 486 580 Isocratis:
511 519 615 597 pater,
632 532 722 596 avus,
747 515 824 579 ordo
840 513 955 596 patria,
980 532 1083 579 annus
1101 513 1233 598 nataliS,
1250 534 1330 596 sora,

265 639 368 685 annus
392 620 515 702 mortis,
540 619 721 685 orationum
745 638 925 685 numerus

201 744 237 807 V.
264 742 396 809 Isaei:
427 742 550 825 patria,
576 748 820 825 praeceptores,
844 762 995 808 numerus
1018 743 1220 826 orationum,
1244 743 1331 808 ratio

263 849 398 913 dicendi.

185 964 238 1027 Vl.
264 963 500 1028 Aeschinis:
533 969 642 1045 pater,
674 969 795 1046 mater,
820 982 941 1046 pagus,
965 982 1060 1046 gens,
1092 970 1329 1046 praeceptores,

262 1089 341 1151 sors,
366 1069 451 1134 ratio
476 1068 611 1151 dicendi,
637 1069 817 1134 orationum
842 1088 1002 1134 numerus.

172 1194 243 1257 Vll.
262 1192 452 1274 Lycurgi:
484 1198 587 1275 pater,
613 1211 703 1276 avus,
727 1211 841 1275 pagus
865 1211 961 1276 gens,
985 1198 1223 1275 praeceptores,
1248 1211 1329 1275 sore,

164 1321 172 1328 ⁸
262 1298 441 1363 orationum
465 1317 625 1363 numerus.
841 1319 843 1321 “

155 1414 245 1476 Vlll.
264 1413 569 1477 Demosthenis:
594 1418 698 1496 pater,
724 1418 836 1495 mater,
853 1430 943 1495 avus,
959 1432 1073 1496 pugne,
1090 1417 1328 1495 praeceptores,

261 1538 341 1601 sors,
353 1518 586 1584 annusnatalis
596 1518 706 1604 (facile
715 1519 890 1599 quidemex
898 1517 1213 1603 v.81intellegitur),
1227 1537 1330 1583 annus
1372 1553 1374 1557 Α

263 1624 386 1708 mortis,
411 1625 592 1691 orationum
615 1645 775 1690 numerus,

174 1751 233 1815 ΙΧ.
262 1750 495 1831 Hyperidis:
537 1756 648 1833 pater,
684 1770 780 1833 avus,
810 1771 928 1834 pagus,
959 1757 1205 1832 praeceptoreS,
1236 1769 1325 1834 sora,

264 1856 444 1920 orationum
468 1875 627 1922 numerus

195 1973 235 2035 X.
261 1971 483 2037 Dinarchi:
520 1978 630 2055 pater,
666 1972 789 2055 patria,
826 1973 1007 2039 orationum
1041 1992 1210 2057 numeruS,
1245 1973 1331 2038 ratio

265 2077 401 2142 dicendi.

248 2211 347 2275 Vides
371 2210 404 2274 in
429 2211 575 2276 omnibus
600 2211 677 2276 vitis
701 2210 845 2276 ordinem
869 2212 938 2277 fere
961 2214 1095 2278 eundem
1120 2212 1275 2292 inveniri,
1298 2213 1331 2276 in

159 2316 304 2380 omnibus
334 2316 538 2382 nominantur
566 2324 693 2399 patrum
728 2318 871 2400 nomina,
900 2319 985 2397 apud
1017 2318 1267 2384 Demosthenem
1298 2324 1332 2383 et

161 2421 353 2486 Aeschinem
388 2428 560 2502 praeterea
595 2423 725 2503 matris;
761 2423 969 2488 nominantur
1003 2425 1099 2506 baec,
1134 2425 1216 2504 quod
1247 2425 1332 2489 alter

161 2534 270 2591 orator
293 2528 429 2593 alterius
460 2529 557 2593 matri
589 2529 813 2595 maledicebat.
862 2529 924 2595 Avi
947 2549 1062 2597 nomen
1085 2531 1172 2596 inest
1195 2530 1228 2595 in
1252 2529 1331 2596 vitis

162 2633 349 2715 Andocidis,
374 2635 506 2716 Lysiae,
524 2635 688 2717 Isocratis
713 2636 866 2718 Lycurgi,
883 2636 1121 2719 Demosthenis,
1138 2635 1332 2717 Hyperidis3

158 2741 243 2820 apud
268 2740 460 2805 Aeschinem
486 2741 556 2806 siue
580 2741 675 2807 dnbio
699 2744 739 2807 ob
763 2741 797 2807 id
819 2741 997 2825 omittitur,
1023 2745 1104 2823 quod
1128 2743 1233 2806 minus
1257 2761 1330 2807 con-

160 2849 279 2910 stabat.
323 2849 431 2928 l’agus
455 2856 743 2913 commoraturum
768 2849 907 2927 additur,
933 2849 986 2929 qni
1009 2849 1097 2915 cives
1114 2847 1331 2913 Athenienses

158 2957 263 3016 erant.
317 2955 406 3035 (pirae
436 2960 565 3020 restant
593 2954 823 3020 similitudines
858 2955 891 3019 in
926 2954 1111 3021 universum
1143 2955 1269 3035 quidem
1299 2954 1332 3019 in

157 3058 303 3123 comibus
331 3058 410 3124 vitis
440 3060 663 3143 inveniuntur,
693 3059 757 3125 nisi
786 3062 868 3141 quod
898 3061 937 3125 de
961 3060 1125 3125 Dinarcho
1156 3079 1258 3141 pauca
1287 3059 1333 3123 di·

158 3165 292 3245 vulgata
316 3173 425 3245 erant,
459 3168 543 3247 apud
568 3168 738 3232 nonnullos
763 3168 914 3233 omissum
945 3174 996 3232 est
1019 3166 1171 3232 iudicium
1195 3166 1333 3231 rationis

158 3272 299 3336 dicendi:
332 3273 364 3337 in
395 3273 466 3339 vita
489 3275 711 3357 Antiphontis,
743 3274 796 3355 qui
825 3275 933 3340 nescio
965 3293 1007 3339 an
1036 3276 1075 3338 ob
1106 3293 1176 3338 eam
1207 3278 1332 3337 tantum

158 3397 289 3442 calisam
321 3379 354 3443 in
385 3399 538 3445 canonem
564 3387 714 3461 receptus
739 3382 800 3463 sit,
824 3382 907 3462 <prod
930 3387 1040 3446 aetate
1070 3398 1238 3444 maxumus
1262 3383 1335 3442 erat

160 3484 356 3566 florebatque
389 3487 499 3566 quinto
531 3489 676 3570 saeculo,
708 3489 793 3568 apud
824 3490 1024 3569 Lycurgum,
1054 3506 1146 3566 quern
1176 3505 1238 3550 nou
1267 3493 1334 3549 tarn

159 3597 319 3656 oratorem
351 3612 444 3673 quarn
476 3593 699 3676 legislatorem
730 3613 802 3660 sese
838 3593 1046 3675 praestitisse
1078 3593 1160 3658 satis
1193 3596 1334 3673 constat,

160 3697 244 3776 apud
268 3698 447 3763 Isocratem
476 3706 509 3764 et
536 3701 800 3783 Demosthenem,
832 3701 914 3780 quod
937 3701 1020 3780 apud
1051 3699 1135 3764 huno
1168 3717 1205 3763 eo
1229 3688 1335 3780 inagis

161 3803 274 3868 mirum
299 3804 443 3887 videtur,
468 3807 550 3886 quod
582 3826 599 3871 e
623 3806 762 3888 Dionysi
786 3806 1091 3872 Halicarnassensis
1115 3824 1210 3887 opere
1239 3806 1278 3869 de
1303 3803 1335 3869 vi

161 3911 288 3975 dicendi
314 3913 541 3978 Demosthenis
571 3915 613 3978 ad
637 3915 720 3979 hanc
748 3933 814 3979 rem
845 3912 1103 3995 amplificandam
1128 3912 1229 3977 multa
1254 3909 1334 3976 sumi

163 4023 323 4096 poterant.
371 4019 435 4083 Sed
460 4019 579 4099 aliquid
596 4021 635 4084 de
660 4019 859 4086 orationibus
884 4020 916 4085 iu
941 4020 1087 4084 omnihus
1112 4019 1190 4084 vitis
1215 4019 1335 4099 legitur

163 4123 268 4187 etita
292 4125 432 4204 quidem,
458 4131 494 4191 ut
518 4127 632 4206 ubique
657 4127 707 4191 his
731 4126 841 4192 verbis
866 4127 917 4191 vel
943 4126 1129 4208 sententiis,
1154 4144 1235 4205 quiae
1260 4132 1336 4188 siunt

162 4230 202 4294 de
227 4235 299 4294 arte
322 4229 486 4304 rhetorica
514 4231 583 4298 sive
614 4231 795 4298 orationum
819 4251 967 4315 numero,
1000 4233 1107 4299 altera
1129 4250 1206 4315 pars
1235 4229 1335 4297 mani·
