2970 4746
634 261 847 356 ,ΞΒ-

154 475 280 553 partem
304 490 345 535 ex
357 460 409 535 'iis
434 489 511 550 qnos
529 469 661 552 collegit
676 469 862 534 Blassius
880 468 1061 534 orationum
1077 467 1184 534 titulis
1201 474 1331 552 sumpta

153 580 214 642 est.
255 575 294 640 cf.
314 575 492 658 Hyperidis
513 575 678 641 orationes
695 576 744 640 ed.
762 576 904 640 Blass:
932 574 964 660 1)
988 571 1069 637 κατὰ
1088 578 1328 660 Δημοσθένους,

153 703 183 764 p.
212 687 316 747 1-21
352 682 386 767 2)
410 680 493 767 πρὸς
514 674 766 766 Ἀριστογείτονα
796 682 890 763 frgm.
916 681 1001 746 VIII
1024 685 1155 746 31-—42
1188 682 1223 766 3)
1247 675 1330 768 άτιὲρ

155 785 275 874 Φρύνης
297 787 392 870 frgm.
417 789 516 854 LXII
542 792 715 853 174-182
751 785 786 872 4)
816 784 993 873 ἐπιτάφιος
1020 785 1114 871 λόγος
1130 771 1171 869 p.
1198 793 1326 854 52-71

155 893 189 978 5)
224 892 383 980 Δηλιακός
417 895 510 978 frgm.
546 895 628 960 XIV
661 901 790 960 'lc—78
824 893 858 977 6)
888 885 1044 970 hoiconis
1073 894 1168 976 srgm.
1194 895 1241 960 LI
1267 900 1329 960 164

157 1000 190 1085 7)
213 999 294 1064 κατά
319 1001 453 1065 Μειδίου
476 1002 570 1084 frgm.
595 1002 736 1067 XXXV.

244 1143 330 1226 Hyp.
365 1164 392 1209 v.
422 1150 460 1208 12
492 1182 533 1188 -—
566 1144 605 1209 of.
631 1143 863 1209 Boeckhius
895 1087 1070 1210 Urkrmden
1099 1144 1179 1209 iiber
1203 1144 1233 1208 d.
1258 1145 1327 1209 Atl.

489 1251 591 1316 Scew.
617 1251 702 1315 XIII
726 1252 759 1316 D.

370 1443 383 1471 ‚,
425 1397 551 1485 l.9-·-pll
576 1393 615 1457 ci.
642 1411 667 1456 c.
692 1392 870 1474 Hyperidis
894 1397 1009 1458 contra
1033 1394 1124 1459 Dem.
1152 1392 1246 1475 frgm.
1273 1393 1327 1458 Vl.

244 1535 330 1600 Mira
352 1535 438 1599 inter
462 1536 548 1616 Hyp.
573 1556 604 1601 u.
630 1541 671 1600 32
689 1556 756 1616 sqq.
781 1540 815 1601 et
838 1536 929 1602 ilem.
955 1556 985 1603 v.
1008 1542 1050 1602 47
1068 1557 1135 1619 sqq.
1161 1536 1328 1603 consensio

155 1642 309 1722 occurrit3
342 1648 475 1723 uterque
507 1642 591 1707 eninr
622 1649 732 1709 mator
762 1643 796 1708 in
820 1643 963 1725 Neptuni
995 1644 1113 1725 templo
1143 1650 1259 1726 eaptus
1283 1643 1328 1710 ui-

155 1749 240 1815 citur
265 1733 422 1831 Aeginae.
474 1750 620 1814 Alterum
656 1769 696 1815 ex
728 1751 833 1815 altero
863 1750 1012 1816 hausisse
1042 1750 1251 1817 manifestum
1279 1755 1330 1817 est

154 1856 312 1938 lhcileque
336 1875 407 1922 mea
431 1856 596 1922 sententia
619 1857 689 1922 lieri
713 1858 827 1940 potuit,
853 1861 889 1922 ut
904 1858 1223 1940 Pseudoplutarchus
1248 1877 1329 1939 (purae

153 1963 193 2028 ‹le
216 1963 447 2030 Demosthenis
471 1963 562 2029 exitu
586 1963 710 2044 scripta
733 1962 869 2047 invenit,
894 1963 1037 2029 deferret
1060 1965 1102 2030 ad
1119 1964 1328 2046 Hyperidem.

242 2097 448 2163 Dinarchi
473 2098 608 2164 vitaer
632 2097 833 2162 orationibus
857 2117 919 2162 nou
943 2099 1063 2164 hausta
1087 2104 1147 2164 est.

243 2230 395 2311 Sequitur
427 2237 463 2296 ut
486 2251 564 2311 quos
589 2231 670 2296 alios
694 2231 801 2295 fontes
826 2230 1009 2296 adhibuerit
1033 2231 1254 2312 exquiramus3
1290 2251 1328 2296 ac

153 2336 288 2418 primum
320 2336 446 2418 quidem
474 2337 560 2402 Isaei
584 2341 618 2402 et
645 2337 801 2402 Dinarchi
829 2338 917 2402 vitas
944 2337 1185 2421 amplectamur,
1214 2338 1327 2419 cluibus

154 2443 234 2508 nihil
257 2442 366 2509 inesse
389 2442 610 2509 contendimus
635 2463 675 2508 ex
699 2443 901 2508 orationibus
925 2449 1095 2525 sumptum.
1134 2445 1231 2510 Certo
1249 2463 1328 2511 sane

153 2549 240 2615 inter
275 2549 425 2632 antiquos
457 2553 631 2616 constabat
661 2550 790 2615 Isaeum
818 2550 1048 2616 Demosthenis
1083 2556 1328 2633 praeceptorem

153 2655 263 2723 luisse.
300 2658 349 2722 Dc
373 2656 444 2723 vita
468 2662 575 2722 autem
598 2657 667 2723 eius
683 2656 855 2738 praecipue
872 2656 1020 2723 conferas
1037 2658 1329 2739 Harpocratiouem

154 2783 179 2829 S.
205 2784 234 2830 V.
260 2754 390 2839 'locciog:
415 2761 564 2850 μαθητὴς
588 2762 621 2827 δὲ
643 2754 840 2848 Ἰσοκράτους
863 2762 953 2826 nond
979 2785 1076 2850 φησιν
1086 2759 1277 2849 Ἕρμιππος
1297 2762 1329 2828 ἐν

153 2870 287 2957 δευτέρῳ
317 2871 393 2957 eropi
416 2879 481 2934 τιῦν
505 2863 701 2958 Ἰσοκράτους
723 2877 891 2958 precipuis.
941 2870 1124 2958 Δημήτριος
1147 2863 1175 2934 δ’
1200 2870 1232 2937 ἐν
1261 2883 1330 2949 τοῖς

155 2976 230 3062 περὶ
254 2985 319 3042 τιῦν
344 2970 520 3060 ὁμωνύμων
544 2987 689 3065 ποιητῶν
713 2978 873 3042 Χαλκιδέα
899 2978 997 3064 φησὶν
1020 2971 1118 3043 αάτδν
1141 2975 1233 3044 εἶναι.

243 3110 314 3193 Qua
346 3115 457 3176 aetate
490 3111 636 3178 floruerit
664 3131 705 3177 cx
735 3112 952 3177 Demosthene
983 3111 1119 3194 aliisque
1152 3112 1250 3179 facile
1281 3111 1329 3178 iu-

153 3217 328 3300 tellegetur
366 3237 467 3300 neque
507 3219 588 3284 haec
624 3217 781 3300 Dionysio
820 3218 973 3300 primario
1012 3218 1179 3285 vindicare
1219 3218 1332 3286 debuit

154 3324 352 3407 Seeliger.
401 3325 491 3408 Quae
522 3329 614 3390 certa
644 3326 693 3390 de·
707 3326 802 3391 Isaeo
833 3325 958 3392 tradita
984 3332 1060 3392 sunt
1083 3346 1124 3392 ex
1152 3326 1330 3409 Hermippo

154 3438 212 3499 aut
235 3433 401 3500 Demetrio
426 3439 555 3515 sumpta
578 3452 651 3499 esse
674 3431 851 3499 verisimile
875 3434 921 3498 fit.

242 3566 399 3632 Dinarchi
429 3566 500 3633 vita
530 3566 634 3632 minus
663 3566 800 3650 vulgata
830 3571 903 3632 erat
930 3585 1024 3648 quam
1054 3571 1234 3632 ceterorum
1258 3586 1330 3633 ora·

153 3679 267 3739 torum.
315 3673 401 3745 Saue
425 3674 570 3756 queritur
585 3674 762 3756 Dionysius
786 3673 888 3757 primo
911 3673 945 3738 io
969 3672 1090 3757 capite,
1115 3675 1197 3755 quod
1219 3678 1272 3740 est
1287 3675 1328 3739 de

155 3779 331 3862 Dinarcho‚
355 3799 457 3862 neque
482 3780 714 3847 Callimachum
737 3800 839 3862 neque
856 3782 1075 3862 Pergamenos
1099 3780 1331 3864 grammaticos

154 3906 258 3970 neque
270 3887 509 3954 Demetrium
526 3888 713 3970 Magnetem
730 3887 813 3953 satis
826 3887 859 3951 in
872 3906 941 3952 enm
955 3887 1172 3968 inquisivisse.
1197 3888 1331 3952 Philo-

154 3995 313 4060 chorum
337 3995 376 4060 de
401 3995 479 4077 fuga
502 4013 620 4077 eorum,
645 3993 698 4075 qui
714 3993 852 4059 Athenis
876 3994 1078 4059 aDemetrio
1101 3994 1252 4060 liberatis
1276 4014 1332 4060 ex·

155 4099 241 4182 pulsi
276 4105 385 4183 erant,
421 4119 592 4181 eorumque
627 4100 734 4166 reditu
768 4099 921 4166 retulisse
954 4119 994 4165 ex
1030 4100 1168 4184 Dionysi
1200 4101 1240 4166 de
1274 4100 1332 4167 Di-

154 4207 274 4275 narcho
298 4202 362 4275 iud.
388 4227 417 4291 p.
443 4213 515 4292 636,
543 4214 645 4292 lsqq.
670 4208 700 4274 R
723 4206 929 4295 cognoscitur
952 4225 1053 4291 neque
1078 4207 1250 4293 quidquam
1273 4207 1333 4276 im-
