2970 4746
668 325 683 331 .,
702 234 837 332 ,Ῑ,5,,,,,

155 445 296 529 siccam,
343 447 710 530 Pseudoplutarcheam,
756 447 968 514 Photianam“
1025 449 1191 533 Erlangae
1246 456 1330 517 1877

153 553 214 638 (z
233 554 320 620 Acta
344 554 455 619 semin.
484 554 594 636 philol.
623 555 841 636 Erlangensis
864 557 881 620 Ι
904 575 934 637 p.
952 561 991 620 12
1016 556 1099 640 sqq.)
1123 575 1163 623 ex
1186 562 1237 624 tot
1259 563 1331 624 tan·

153 660 265 740 tisque
304 661 569 727 similitudinibus
600 682 681 743 quae
709 668 863 728 extarent
889 663 977 728 inter
999 664 1331 746 Pseudoplutarchum

152 772 188 833 et
211 768 362 833 Photium
386 787 482 850 posse
506 769 722 834 demonstrari
746 768 876 850 putarit
901 770 998 836 Photi
1029 771 1129 837 vitam
1155 774 1330 838 ePseudo·

153 873 328 954 plutarcho
363 893 543 941 emanasse.
592 874 655 939 Sed
692 875 725 939 hi
760 874 823 940 viri
858 876 945 941 docti
980 877 1101 943 nullam
1132 878 1195 944 nisi
1227 879 1328 946 vitam

155 980 334 1061 Lysiananr
364 987 585 1063 respexerunt.
640 981 796 1048 Omnibus
828 982 906 1049 vitis
939 984 1048 1049 decern
1081 991 1244 1051 oratorum
1275 1005 1329 1050 ex·

154 1087 321 1168 quirendis
346 1107 477 1170 operam
500 1089 602 1154 dabat
624 1088 813 1170 Rudolphus
829 1089 1088 1173 Ballheimer,
1113 1092 1166 1172 qni
1190 1092 1222 1157 in
1247 1111 1329 1157 com·

151 1194 354 1259 mentatione
389 1196 456 1274 „De
488 1194 583 1260 Photi
615 1195 693 1261 vitis
724 1196 831 1261 decern
864 1202 1046 1262 oratorum“
1080 1198 1213 1264 Bonnae
1245 1205 1328 1266 1877

153 1305 268 1366 censet
283 1301 370 1367 vitas
388 1301 561 1383 primarias
577 1320 617 1366 ex
632 1301 842 1383 amplioribus
858 1302 937 1369 vitis
962 1310 1134 1385 excerptas
1150 1307 1329 1387 brevesque

155 1405 260 1471 lectas
291 1407 324 1472 in
356 1408 596 1489 exemplaribus
629 1414 792 1474 oratorum
821 1410 1087 1476 adnotationibus
1115 1418 1229 1478 auctas
1256 1432 1329 1478 esse

153 1524 252 1593 atque
285 1513 501 1595 amplificatas
530 1514 763 1581 additamentis
793 1516 863 1581 sive
893 1516 926 1581 in
950 1522 1075 1583 textum
1098 1517 1235 1585 intrusis
1260 1519 1329 1587 sive

154 1621 198 1685 'ad
237 1620 417 1703 marginem
454 1622 648 1704 adscriptis,
689 1621 736 1686 sic
774 1626 869 1703 putat
903 1622 1042 1705 scriptor
1076 1629 1222 1690 exortum
1257 1644 1330 1691 esse

153 1727 382 1812 archetypum,
417 1728 471 1809 qui
505 1728 632 1809 utrique
669 1727 794 1793 auctori
829 1727 865 1812 (i.
901 1748 929 1793 e.
965 1730 1261 1812 Pseudoplutarcho
1296 1737 1331 1797 et

153 1833 286 1918 Photio)
330 1835 506 1900 communis
545 1835 671 1900 fuisset.
741 1835 1077 1915 Pseudoplutarcheas
1122 1836 1210 1903 vitas
1252 1844 1330 1903 ante

154 1940 337 2007 Photianas
361 1941 557 2023 compositas
580 1960 654 2006 esse
678 1940 777 2006 etiam
801 1939 850 2004 illi
873 1960 1062 2022 persuasum
1086 1948 1148 2025 est,
1173 1943 1231 2008 sed
1253 1949 1329 2025 post

154 2047 242 2112 illius
273 2052 415 2113 aetatem
444 2047 562 2113 conicit
592 2047 685 2113 novis
709 2051 837 2112 auctum
861 2065 934 2111 esse
958 2047 1170 2128 archetypum
1195 2049 1329 2114 adnota-

155 2153 299 2220 tionibus
327 2153 522 2220 testimoniis
551 2153 708 2235 exemplis
739 2153 771 2217 in
801 2153 870 2218 dies
900 2153 1006 2235 magis
1035 2160 1259 2235 postremoque
1282 2156 1330 2220 ita

153 2259 276 2327 iactum
312 2267 348 2326 ut
382 2280 467 2327 nunc
501 2262 586 2343 apud
616 2260 766 2325 Photium
802 2258 957 2341 scriptum
987 2260 1148 2341 videmus;
1184 2261 1217 2328 id
1249 2280 1329 2328 sane

153 2368 288 2450 saepius
323 2368 356 2433 in
391 2368 486 2434 dubio
518 2367 646 2435 versari
676 2371 783 2432 utrum
812 2365 1036 2433 additamenta
1067 2367 1132 2432 iam
1162 2368 1330 2434 Plutarchi

154 2480 267 2542 aetate
291 2475 413 2541 fuerint
447 2475 615 2556 adscripta
652 2493 753 2540 necne
791 2472 864 2557 (cfr.
901 2491 1010 2538 comm.
1050 2493 1080 2556 p.
1118 2480 1148 2539 ὃ.
1186 2479 1236 2540 13.
1263 2474 1328 2559 18).

242 2583 347 2665 Quam
382 2581 579 2647 sententiam
613 2586 650 2646 ut
677 2580 782 2662 magis
812 2579 972 2662 firmaret,
1013 2599 1054 2645 ex
1084 2586 1208 2646 mutato
1244 2582 1329 2662 apud

152 2688 304 2754 Photinm
354 2688 465 2754 ordine
521 2688 592 2753 vult
650 2687 799 2768 intellegi
845 2686 1175 2769 Pseudoplutarchum
1227 2688 1325 2752 Pboti

153 2795 276 2861 iontem
311 2813 375 2859 non
410 2795 521 2860 fuisse.
577 2795 672 2875 Apud
701 2793 1033 2875 Pseudoplutarchum
1067 2792 1169 2874 igitur
1197 2792 1251 2858 hic
1280 2793 1327 2859 in-

153 2900 284 2967 venitur
308 2903 385 2967 ordo
401 2901 557 2967 vitarum:
581 2899 757 2982 Antiphon,
781 2899 974 2983 Andocides,
998 2899 1129 2982 Lysias,
1153 2900 1327 2983 Isocrates,

152 3009 278 3091 Isaeus,
302 3007 491 3090 Aeschines,
515 3008 695 3089 Lycurgus
719 3006 966 3090 Demosthenes,
990 3005 1186 3090 Hyperides,
1210 3006 1327 3072 Dinar-

154 3116 242 3181 chus.
290 3115 412 3179 Contra
435 3113 521 3194 apud
543 3113 707 3179 Photium:
731 3112 907 3195 Antiphon,
931 3112 1105 3194 Isocrates
1135 3112 1327 3195 Andocides,

154 3221 283 3304 Lysiae,
308 3220 432 3302 Isaeus,
453 3218 642 3301 Aeschines
659 3218 905 3301 Demosthenes,
921 3217 1117 3300 Hyperides,
1133 3217 1327 3301 Dinarchus,

154 3327 335 3409 Lycurgus.
384 3325 474 3408 Quae
509 3324 685 3391 diversitas
720 3328 758 3388 ut
792 3324 980 3406 explicetur,
1015 3323 1260 3389 Ballheimer
1293 3324 1327 3389 in

154 3431 423 3498 commentatione
458 3450 517 3497 sua
550 3451 581 3512 p.
609 3436 648 3495 19
679 3429 742 3495 ait:
782 3430 932 3510 ,Etenim
967 3429 1123 3512 minores,
1158 3428 1188 3494 si
1219 3429 1327 3496 dicere

153 3538 204 3605 ias
236 3546 298 3622 est,
328 3537 466 3619 quinque
493 3542 640 3603 oratores
669 3537 698 3602 si
720 3555 784 3600 uno
807 3537 966 3616 quondam
988 3535 1149 3602 volumine
1172 3535 1221 3601 ita
1244 3554 1327 3601 com-

154 3646 332 3726 prehensos
355 3663 428 3710 esse
444 3663 463 3710 e
478 3643 600 3709 uostris
616 3643 709 3708 libris
725 3643 915 3708 concludere
931 3641 1018 3724 licet,
1042 3647 1079 3708 ut
1092 3640 1327 3724 Antiphontem

155 3749 370 3834 sequerentur}
397 3749 594 3833 Andocides,
623 3750 752 3833 Isaeus,
785 3747 982 3833 Dinarchus,
1017 3748 1202 3831 Lycurgus,
1231 3749 1328 3814 Photi

155 3857 297 3924 ordinem
331 3875 372 3922 ex
406 3856 480 3938 ipsa
514 3874 608 3937 quarn
642 3853 813 3937 profitetur
847 3859 1010 3920 oratorum
1044 3854 1182 3920 lectione
1216 3859 1328 3920 natum

156 3963 346 4044 crediderim
384 3981 456 4028 eam
485 3961 570 4028 enim
598 3961 694 4044 volgo
722 3961 771 4027 ita
794 3960 981 4027 institutam
1004 3980 1077 4027 esse
1100 3980 1164 4027 non
1187 3961 1328 4026 absurde

156 4069 307 4153 conicias,
331 4074 368 4134 ut
390 4068 514 4154 ,minori
537 4067 649 4149 cuique
679 4067 801 4134 oratori
830 4069 1017 4133 succederet
1043 4066 1175 4132 maior.“
1224 4067 1328 4133 Recte

156 4175 210 4242 ille
225 4175 361 4258 quidem,
378 4176 436 4241 sed
452 4193 493 4240 ex
509 4174 560 4240 his
576 4174 777 4256 argumentis
793 4192 858 4238 non
869 4173 1009 4238 efficitur
1021 4172 1171 4238 Photium
1184 4171 1327 4237 ordinem
