2970 4746
153 513 237 578 t'esto
262 513 486 592 concludatur,
519 529 601 591 quae
630 529 682 574 res
706 507 899 590 dignissima
922 513 974 571 est
1004 507 1163 586 adquam
1189 503 1328 570 aninmm

154 620 316 684 attendas.
365 617 517 699 Sequitur
540 618 616 681 Aut.
643 621 694 680 57.
721 616 799 695 hys.
824 619 877 678 49.
904 614 1002 678 Isocr¹
1035 617 1104 676 109.
1132 611 1248 676 hesch.
1275 616 1327 675 44,

155 724 233 804 ch.
263 731 333 788 126.
374 725 465 789 Dem.
492 730 564 787 203.
603 724 726 802 Hyper.
753 727 810 795 bb,
846 720 993 800 t'arrago,
1031 718 1061 782 iu
1087 737 1150 797 qua
1174 736 1328 798 nusquam

154 830 241 911 ordo,
266 849 421 910 nusquam
440 835 562 894 certum
580 827 747 893 consilium
773 832 932 906 servatur,
958 826 1013 890 sed
1031 829 1088 889 aut
1104 823 1332 888 antecedentia

60 999 64 1005 .
154 943 346 1016 repetuntur
369 942 426 1000 aut
449 934 528 1000 vilia
551 941 585 999 et
608 934 695 998 levia
719 933 905 998 atteruntur.
982 1003 987 1011 ,

245 1041 308 1106 Sed
325 1041 509 1122 priusquam
526 1040 559 1104 iu
576 1040 660 1105 hanc
677 1043 803 1120 partem
820 1036 1004 1102 accuratius
1016 1035 1225 1119 inquiramus
1243 1036 1329 1101 aliud

155 1147 388 1229 respiciendum
403 1152 470 1227 est;
488 1166 571 1230 uam,
588 1153 624 1211 ut
635 1166 676 1210 ex
688 1143 957 1211 antecedentibus
970 1142 1169 1224 cognoveris,
1183 1143 1253 1207 vita
1268 1142 1330 1222 pri-

157 1253 259 1318 maria
268 1291 304 1298 -
313 1254 373 1318 hoc
385 1256 482 1318 verbo
496 1258 619 1333 partem
634 1251 818 1333 siguificare
832 1249 942 1315 licebit
954 1250 985 1313 in
1000 1249 1182 1315 universum
1194 1250 1329 1330 uniductu

156 1397 193 1404 -·
212 1359 332 1440 optima
345 1358 567 1425 coniunctione
584 1367 619 1426 et
633 1362 800 1424 vertunum
820 1364 853 1423 et
867 1358 1102 1422 sententiarum
1115 1357 1330 1426 continuatur.

105 1545 107 1549 ¹
157 1485 259 1546 neque
283 1465 449 1547 quisquam
473 1466 652 1546 dubitabit,
677 1465 750 1545 <prin
777 1467 817 1530 ab
842 1483 903 1529 uno
927 1465 1099 1543 eodemque
1123 1470 1254 1529 auctore
1279 1465 1329 1545 qui

157 1577 314 1654 oratores
339 1591 417 1653 quos
441 1578 560 1639 vocant
576 1572 712 1654 Atticos,
730 1576 964 1637 commentatus
980 1570 1013 1634 iu
1030 1570 1070 1635 iis
1088 1589 1195 1634 curam
1214 1572 1330 1652 posuit,

156 1682 228 1742 tota
252 1679 331 1743 haec
356 1698 432 1758 pars
457 1678 642 1758 conscripta
666 1678 727 1757 sit,
753 1676 866 1742 eiectis
890 1675 956 1741 illis
980 1675 1225 1753 additamentis,
1250 1696 1331 1757 quae

158 1783 191 1847 in
224 1783 324 1848 vitam
354 1783 541 1865 primariam
573 1785 701 1849 intrusa
732 1784 874 1848 ordinem
904 1783 1040 1848 turbant
1069 1790 1102 1847 et
1127 1788 1259 1864 propter
1282 1785 1328 1848 in-

157 1889 314 1955 auitatem
350 1893 391 1957 ad
427 1899 586 1958 oratorem
623 1893 753 1973 eiusque
789 1912 893 1957 utores
922 1894 1162 1973 cognoscendos
1194 1894 1328 1959 minoris

156 1997 306 2062 momenti
337 2004 421 2063 eraut.
476 2001 580 2080 Atque
612 2000 745 2080 primum
778 1999 904 2080 (pridem
934 2018 974 2063 ea
1006 1999 1231 2064 additamenta
1262 2021 1326 2065 am-

157 2104 349 2188 plectamur,
374 2126 454 2186 quae
486 2106 575 2171 vitae
606 2107 747 2171 ordinem
773 2108 906 2171 turbare
931 2105 1112 2170 videantur.
1162 2107 1233 2170 Huc
1258 2127 1327 2188 per-

157 2210 264 2276 tinent
288 2211 411 2294 Lysiae
435 2213 523 2277 vitae
547 2231 576 2278 v.
602 2218 735 2277 42-44
759 2212 843 2278 male
867 2211 940 2276 huic
964 2212 1032 2276 loco
1056 2211 1181 2293 inserti,
1207 2212 1327 2294 optime

156 2317 240 2383 enim
269 2319 444 2384 cohaerent
472 2319 574 2384 verba
603 2315 635 2382 ἐν
660 2315 708 2394 οἷς
731 2318 779 2394 δὶς
800 2316 897 2399 μόνον
925 2317 980 2395 (de
1008 2318 1223 2400 orationibus)
1258 2338 1341 2387 cum

157 2424 267 2490 verbis
291 2422 671 2509 cythare>mtrcmohceroe
695 2426 749 2510 (de
773 2423 900 2490 ratione
924 2424 1076 2508 dicendi).
1118 2424 1244 2491 Deinde
1268 2427 1330 2491 huc

157 2529 290 2596 afferam
314 2531 487 2597 Aeschinis
505 2530 594 2597 vitae
611 2552 640 2596 v.
660 2539 701 2596 22
726 2531 803 2615 (aiot
827 2522 855 2594 δ)
880 2529 913 2593 ot'
935 2530 1032 2616 quot)
1057 2551 1155 2612 usque
1180 2533 1220 2596 ad
1239 2551 1268 2596 v.
1289 2538 1329 2597 24

158 2632 342 2720 (ἐξελθεῖν),
359 2638 474 2719 quippe
498 2638 550 2719 qui
567 2658 681 2704 versus
698 2644 821 2703 textum
846 2638 988 2719 turbent,
1012 2657 1085 2702 uam
1110 2637 1161 2701 his
1178 2638 1330 2703 refutatis

159 2741 278 2822 optime
313 2743 550 2825 coniunguntur
579 2764 660 2826 quae
690 2746 729 2810 de
758 2745 964 2810 accusatione
996 2745 1121 2810 tradita
1153 2751 1229 2810 suut
1260 2764 1329 2810 cunr

159 2847 268 2914 verbis
290 2847 393 2934 χρόνῳ
417 2848 447 2913 δὲ
474 2845 612 2932 ὕστερον.
662 2853 742 2916 ltem
767 2851 799 2916 iu
825 2851 894 2917 vita
918 2850 1146 2916 Demosthenis
1171 2871 1201 2916 v.
1220 2859 1329 2915 8—--90

159 2955 242 3020 male
266 2955 321 3020 illo
345 2957 414 3022 ioco
439 2957 591 3038 teguntur
622 2963 828 3039 tenoremque
852 2958 988 3023 turbant
1015 2965 1049 3024 et
1079 2959 1161 3023 bene
1186 2959 1330 3039 sequitur

158 3065 233 3142 post
256 3081 286 3127 v.
314 3069 330 3126 7
355 3083 385 3128 v.
405 3069 464 3129 90:
489 3064 678 3140 τελειωθεὶς
693 3063 735 3128 δέ.
776 3066 826 3130 Ad
851 3064 934 3129 idem
959 3070 1110 3146 spectant
1133 3084 1163 3129 v.
1189 3070 1329 3147 tta-db,

158 3167 210 3248 qui
234 3187 348 3235 versus
377 3169 506 3236 fabulas
536 3173 693 3252 praebent
722 3173 874 3252 quomodo
907 3171 939 3237 in
970 3178 1042 3237 arte
1070 3171 1233 3237 rhetorica
1257 3192 1328 3253 pro-

157 3279 270 3340 vectus
295 3274 340 3341 sit
363 3278 607 3360 Demosthenes
632 3278 783 3344 hocloco
807 3278 892 3344 haud
917 3284 1023 3360 aptae,
1048 3283 1084 3343 ut
1108 3277 1245 3344 videtur.
1295 3278 1328 3344 si

157 3388 266 3447 autem
291 3388 364 3464 post
388 3403 415 3449 v.
434 3390 475 3447 30
500 3385 627 3467 legetur
650 3406 679 3450 v.
698 3392 739 3450 43
765 3384 834 3449 ἐπεὶ
860 3385 890 3448 a
917 3393 962 3468 oq]
979 3383 1223 3449 πολιτεύεσθαι.
1241 3385 1329 3451 ritae

158 3488 331 3568 primariae
367 3492 443 3556 ordo
478 3493 651 3558 restitutus
676 3513 748 3559 esse
773 3493 910 3559 videtur
965 3495 1014 3558 ou
1039 3494 1172 3558 eaodem
1197 3511 1328 3557 causam

157 3594 294 3660 eiciendi
328 3602 404 3662 suut
435 3618 465 3662 v.
491 3605 558 3662 52—
581 3607 632 3663 69.
688 3599 796 3665 Etiam
827 3621 856 3666 v.
890 3607 1012 3663 75--ul
1055 3599 1139 3664 male
1174 3598 1233 3662 hoc
1261 3599 1329 3662 hio·

156 3700 309 3783 leguntur
340 3710 491 3784 recteque
516 3704 593 3769 mihi
623 3706 753 3771 videtur
782 3706 945 3772 sententia
976 3703 1172 3787 continuari,
1203 3704 1329 3785 siquid

156 3808 195 3872 de
220 3808 388 3889 Olynthiis
419 3810 584 3876 censuerit
612 3817 723 3877 orator
754 3832 783 3876 v.
809 3818 847 3876 81
882 3812 1037 3894 pergitur.
1087 3815 1208 3880 Eodem
1238 3817 1329 3880 modo

156 3933 185 3979 v.
223 3920 354 3980 87----93
385 3935 442 3981 cm·
474 3917 532 3982 hoc
563 3918 631 3982 loco
667 3917 819 3999 tegantur
853 3937 913 3982 mm
946 3924 1056 3999 potest
1086 3920 1248 4003 iutellegi:
1289 3923 1329 3985 de

156 4019 337 4100 tdpmthiis,
371 4023 410 4086 de
435 4022 583 4105 Philippo
615 4023 742 4106 agitur3
776 4023 851 4105 quid
881 4044 960 4106 opus
988 4031 1040 4090 est
1072 4028 1191 4093 addere
1220 4029 1328 4093 Xeno

155 4126 268 4207 phonti
293 4132 402 4194 notum
427 4128 528 4195 fuisse
552 4130 824 4196 Demosthenem?
863 4131 1021 4198 Fortasse
1041 4133 1216 4215 Hyperidis
1240 4133 1328 4199 vitae

154 4253 184 4299 v.
213 4239 352 4320 15-17,
378 4254 448 4301 cum
473 4255 601 4303 sensum
625 4238 770 4322 turbent,
794 4237 932 4305 eiciendi
956 4245 1041 4305 sunt.
