2970 4746
727 305 765 367 11

156 523 222 597 est;
248 497 335 597 prior
356 519 437 581 enim
454 517 543 581 locus
559 520 611 581 est
626 516 666 579 de
682 515 854 580 liberorum
872 513 1088 596 accusatione,
1112 513 1273 596 posterior
1289 514 1328 579 de

156 623 297 688 oratcris
328 621 445 704 ipsins3
477 622 727 703 interponuntur
750 639 779 686 v.
811 625 943 686 89-94
972 622 1012 686 de
1047 619 1202 702 sepulcro.
1257 619 1329 684 Hoc

155 729 226 794 deri
256 748 318 793 non
352 727 497 810 potuisse
528 735 619 809 put03
656 746 730 792 nam
759 726 787 792 si
815 728 855 793 de
883 726 996 793 liberis
1034 725 1197 792 accusatis
1227 724 1329 791 noluit

157 835 264 900 dicere
296 833 502 916 compilator,
533 835 613 898 haec
645 834 746 899 verba
775 837 852 898 ante
886 852 914 897 v.
943 837 1003 897 102
1028 833 1170 898 debebat
1201 849 1327 913 ponere,

156 939 210 1006 nbi
234 940 420 1006 accuratius
450 941 490 1004 de
513 939 579 1005 illis
603 940 761 1004 docemur.
787 958 816 1004 v.
841 945 882 1004 99
907 958 1015 1020 porro:
1052 937 1105 1000 καὶ
1129 934 1329 1021 ἐτελεύτησεν

157 1044 297 1131 ἐπιεικὴς
328 1046 500 1127 νομισθεὶς
534 1042 622 1130 παρὰ
659 1044 768 1110 πάντα
798 1043 853 1109 τὸν
888 1053 944 1108 τοῦ
973 1049 1044 1127 βίου
1071 1042 1183 1130 χρόνον
1213 1043 1267 1106 καὶ
1296 1039 1328 1107 ἐν

155 1151 263 1235 λόγοις
278 1150 467 1228 ἐπαινεθείς
488 1152 528 1217 cf.
547 1172 616 1218 cum
635 1159 675 1217 36
689 1172 735 1233 sq.
754 1151 909 1216 διετέλεσέ
932 1175 968 1216 τε
990 1148 1045 1216 τὸν
1068 1146 1196 1215 ἅπαντα
1217 1147 1328 1235 χρόνον

156 1251 331 1340 ar’doapnm·
360 1257 447 1342 παρὰ
480 1270 547 1335 τοῖς
567 1251 743 1345 Ἀθηναίοις
771 1259 825 1322 καὶ
849 1258 970 1335 δίκαιος
998 1255 1080 1323 εἶναι
1108 1255 1326 1338 νομιζόμενοςτ

156 1367 236 1432 haec
280 1369 475 1432 verbotenus
518 1366 586 1431 fere
632 1366 848 1432 consentiunt.
918 1369 1008 1450 Quae
1053 1359 1114 1431 ad
1137 1363 1328 1446 explicanda

155 1473 232 1537 mihi
282 1492 470 1554 persuasum
520 1479 571 1538 est
616 1492 645 1538 v.
691 1479 858 1538 95—102
908 1472 1087 1555 posteriore
1139 1477 1249 1537 aetate
1295 1470 1327 1534 in

155 1579 257 1646 vitam
281 1579 469 1661 primariam
492 1599 565 1645 esse
589 1579 742 1645 intrusos.
789 1578 988 1662 Compilator
1010 1579 1113 1662 igitur
1136 1599 1165 1645 v.
1192 1584 1233 1642 36
1256 1594 1326 1658 sqq.

155 1684 279 1752 invenit
304 1685 516 1751 iustissimum
546 1705 673 1768 semper
702 1706 774 1752 sese
797 1686 987 1768 praebuisse
1016 1686 1118 1751 civem
1142 1686 1326 1767 Lycurgum

156 1797 258 1858 totam
275 1811 332 1873 per
348 1792 437 1859 vitae
454 1799 606 1876 aetatem,
619 1793 744 1859 invenit
760 1799 933 1875 praeterea
949 1791 1188 1859 Menesaechmi
1203 1810 1327 1871 nomen,

155 1898 357 1965 accusatoris
386 1900 569 1982 liberorum,
599 1900 710 1981 itaque
734 1899 785 1966 his
809 1898 994 1981 compositis
1018 1899 1167 1979 interque
1191 1918 1226 1963 se
1250 1918 1323 1964 ‹3011-

154 2006 273 2073 innctis
298 2007 447 2073 adiunxit
470 2007 761 2089 amplificationem.

244 2114 411 2179 Postremo
441 2113 607 2194 pertinent
636 2114 697 2178 huc
720 2112 949 2178 Demosthenis
973 2112 1061 2178 vitae
1085 2132 1115 2178 v.
1145 2117 1327 2193 175-202,

155 2239 227 2286 nam
241 2221 491 2285 Demosthenem
503 2219 536 2284 id
549 2238 691 2303 curasse,
707 2226 743 2285 ut
759 2238 829 2284 curu
842 2218 1008 2285 Thebanis
1024 2239 1134 2301 pacem
1153 2219 1328 2300 foedusque

154 2324 279 2391 icerent
302 2324 521 2391 Athenienses
553 2326 617 2391 iam
641 2345 671 2392 n.
698 2331 739 2391 50
764 2343 833 2407 sqq.
859 2324 1055 2407 explicatum
1086 2344 1189 2408 neque
1213 2324 1326 2391 verisi-

154 2431 229 2497 mile
253 2438 305 2498 est
328 2432 410 2498 talia
431 2439 505 2514 post
528 2437 663 2498 mortem
679 2437 958 2498 commemoratam
979 2433 1082 2498 denuo
1107 2432 1231 2513 scripta
1254 2450 1327 2496 esse

154 2559 174 2602 a.
202 2538 375 2619 primariae
405 2538 493 2604 vitae
523 2545 664 2605 auctore.
715 2541 873 2621 Itaquee
903 2537 1057 2620 primaria
1088 2537 1160 2605 vita
1187 2537 1326 2604 eiciendi

154 2651 239 2710 sunt.
287 2628 371 2711 Tota
395 2665 489 2727 porro
513 2645 660 2711 narratio
683 2646 723 2711 dc
747 2644 926 2727 Hyperidis
949 2651 1053 2710 monte
1077 2643 1261 2729 (Pseudopl.
1285 2649 1325 2708 37

153 2751 192 2816 cf.
223 2771 249 2816 c.
284 2752 451 2818 Demosth.
480 2751 552 2819 vita
584 2759 647 2818 150
677 2753 762 2835 sqq.)
798 2772 868 2818 eum
901 2753 1120 2818 Demosthene
1155 2757 1327 2833 tantopere

152 2858 294 2925 conciuit
317 2864 354 2925 nt
377 2859 518 2942 suspicio
542 2860 675 2925 oriatur.
723 2860 788 2926 Sed
819 2866 941 2926 certum
965 2860 1005 2925 de
1029 2859 1080 2924 his
1109 2858 1255 2941 proferre
1278 2856 1325 2923 in·

153 2965 268 3031 dicium
293 2985 356 3031 non
373 2966 485 3031 ausim.
522 2967 576 3031 Ex
591 2966 642 3032 his
666 2966 856 3050 certissime,
880 2966 914 3031 ui
930 2966 1061 3049 egregie
1085 2965 1191 3049 fallor,
1211 2984 1326 3048 coguo-

154 3071 256 3136 scitur
279 3070 312 3137 in
344 3070 533 3153 primariam
556 3072 659 3138 vitam
682 3072 906 3138 additamenta
936 3071 1123 3138 iumanasse
1146 3089 1229 3154 quae
1253 3090 1326 3137 auc-

154 3177 234 3242 toris
270 3178 417 3259 primarii
445 3197 508 3243 nou
540 3183 630 3259 suut3
666 3179 828 3245 addantur
862 3179 1011 3260 exempla
1045 3177 1200 3243 nonnulla
1234 3194 1326 3259 quae,

153 3301 346 3365 quamquam
374 3304 436 3350 non
465 3288 507 3351 ab
537 3284 624 3350 omni
647 3285 850 3351 dubitatione
874 3291 983 3352 amota
1006 3290 1096 3368 sunt,
1120 3290 1229 3350 tamen
1254 3302 1325 3349 sen-

152 3388 290 3456 teutiam
325 3390 414 3457 illam
451 3394 590 3474 probare
628 3392 785 3458 videntur.
844 3391 1070 3474 Compluribus
1109 3391 1210 3474 igitur
1247 3390 1326 3456 locis

152 3497 293 3564 vitarum
317 3498 447 3567 fabulae
471 3498 679 3565 inveniuntur
709 3500 762 3565 vel
790 3499 1025 3565 sententiarum
1049 3496 1326 3580 amplificationes,

153 3623 235 3686 quae
270 3604 346 3670 novi
377 3604 459 3670 nihil
488 3611 660 3688 enarrant,
691 3607 748 3671 sed
776 3605 908 3671 uberius
938 3609 1064 3671 tantum
1094 3609 1192 3685 atque
1227 3603 1326 3670 latius

153 3729 236 3793 quae
267 3712 464 3777 antecedunt
491 3713 695 3778 adumbrant.
750 3712 822 3777 Hoc
849 3711 919 3777 loco
953 3711 1092 3793 ponendi
1127 3717 1204 3779 sunt
1237 3711 1326 3777 vitae

152 3817 364 3899 Antiphontis
380 3838 410 3884 n.
429 3823 572 3902 44-56,
596 3818 652 3885 nbi
674 3820 715 3886 de
738 3823 840 3884 morte
855 3817 1069 3900 Antiphontis
1093 3836 1175 3900 quae
1191 3816 1326 3899 quisque

153 3929 266 3990 auctor
289 3924 463 3991 tradiderit
491 3925 643 3991 refertur.
691 3926 789 3992 'Pales
817 3925 1029 4007 repetitiones
1053 3925 1106 3991 vel
1129 3922 1236 4007 potius
1260 3943 1326 3989 am·

154 4029 368 4110 plificstioues
398 4031 563 4097 offendunt
592 4037 626 4097 et
649 4031 705 4099 nix
732 4037 841 4114 putem
865 4034 906 4097 ab
930 4035 1062 4097 auctore
1092 4029 1245 4113 primario
1269 4048 1326 4094 eas

153 4136 283 4202 additas
306 4155 389 4203 esse.
436 4138 562 4204 Deinde
577 4138 668 4205 vitae
685 4138 807 4220 Lysiae
830 4158 861 4204 v.
880 4143 1020 4221 37—39,
1042 4136 1132 4203 vitae
1148 4134 1326 4217 Hyperidis

158 4259 188 4306 v.
215 4246 347 4320 41-55
372 4244 414 4309 ad
442 4242 526 4310 idem
555 4249 722 4327 spectaut3
753 4251 926 4326 praeterea
955 4243 1044 4309 vitae
1066 4241 1272 4308 Andocideae
1295 4260 1325 4308 n.
