2970 4746
730 311 748 368 9

245 521 345 585 Multo
377 518 481 600 magis
512 516 677 582 offendiuit
709 520 881 582 earundem
917 537 1023 583 rerum
1059 517 1325 599 amplificationes

154 635 211 693 ant
246 627 457 708 repetitiones
492 644 573 706 <purae
608 624 641 688 in
676 624 783 705 priore
818 624 959 690 vitarum
991 629 1085 705 parte
1119 623 1327 690 inveniuntur

150 717 313 814 ⁴iacilequo
338 753 355 796 e
379 733 450 799 vita
474 731 629 814 primaria
652 738 788 813 possunt
811 731 917 797 eximi.
964 734 1071 813 Atque
1095 731 1228 814 primum
1259 730 1325 812 qui-

153 841 223 904 dem
249 859 289 904 ex
306 839 480 905 Andocidis
504 839 575 904 vita
590 860 620 904 v.
641 847 725 904 5--7
743 858 812 904 cum
829 859 859 903 v.
880 845 1008 904 15-18
1033 839 1085 904 hic
1108 838 1324 904 conferantur.

153 946 191 1008 In
216 965 246 1009 v.
275 951 360 1008 5-7
386 946 427 1009 ab
452 944 618 1011 Andocide
642 945 834 1026 Corcyraeis
858 944 1012 1010 auxilium
1037 946 1139 1010 latum
1163 963 1236 1009 esse
1259 949 1326 1008 tra-

152 1051 240 1116 ditur
263 1051 452 1132 gerentibus
476 1053 594 1117 bcHum
610 1071 680 1117 cum
697 1051 883 1117 Corinthiis.
924 1053 1014 1135 Quinc
1031 1058 1209 1134 sequnntur
1225 1055 1326 1118 verba

149 1172 188 1222 v:
209 1163 227 1220 9
252 1156 303 1220 ded
328 1155 366 1219 rt
392 1177 492 1238 usqne
521 1160 562 1223 ad
589 1166 627 1223 17
658 1156 867 1243 (Κράνιννννός
892 1158 986 1244 φησι)
1011 1159 1190 1241 posteriore
1215 1165 1325 1225 aetate

153 1264 265 1329 addita
290 1265 358 1329 sive
383 1265 550 1346 adscripta
574 1267 615 1330 ad
640 1247 816 1347 marginem
842 1265 968 1331 sivein
993 1270 1177 1331 contextum
1199 1266 1326 1332 intrusa

153 1391 193 1435 ex
222 1371 415 1452 repetitione
445 1371 574 1438 videtur
603 1373 696 1452 posse
729 1373 873 1437 concludi
907 1393 989 1454 qnae
1024 1373 1110 1438 inest
1144 1372 1177 1436 in
1207 1393 1235 1438 v.
1274 1379 1326 1437 17:

154 1477 226 1561 napi
253 1475 309 1562 τὴν
332 1470 451 1562 ἀγορὰν
474 1470 590 1562 Ἑρμᾶς
614 1482 813 1563 ineptitudine
844 1479 875 1543 ill
901 1479 1015 1561 quibus
1039 1481 1235 1544 verbotenus
1260 1480 1327 1545 fere

154 1603 183 1648 v.
210 1590 243 1646 8:
269 1581 341 1658 τοὺς
363 1576 487 1668 ζνίρμόις
511 1583 694 1669 περικόψας
708 1623 711 1630 r
725 1584 942 1651 inveniuntur.
990 1587 1169 1650 Praeterea
1192 1585 1328 1651 Photius

153 1689 282 1756 omissis
306 1690 373 1755 illis
396 1696 471 1771 prosi
493 1699 532 1776 τῇ
557 1700 620 1754 τών
642 1694 825 1776 μυστηρίων·
848 1699 904 1777 τῆς
929 1690 1096 1778 Δήμητρος
1120 1685 1205 1776 ὕβρει
1229 1711 1328 1774 usquc

153 1798 195 1862 ad
219 1789 368 1883 α’νιέφνγν
395 1801 522 1882 κριθείς
547 1798 655 1881 pergit
678 1818 857 1880 congruens
887 1817 957 1863 cum
981 1784 1272 1880 Pseudoplntarchi
1296 1820 1326 1865 v.

158 1910 209 1968 ts:
243 1905 370 1988 xancton·
398 1898 426 1967 δ’
449 1895 506 1968 ἕννὶ
538 1903 663 1980 τούτοις
691 1897 858 1990 cincdrpryrn
892 1903 947 1968 ἐννὶ.
979 1912 1024 1990 cpi
1059 1903 1210 1991 μηνύσειν
1246 1904 1328 1988 πρὸς

153 2002 349 2087 ἀδικοῦντας.
362 2094 365 2098 ,
380 2013 471 2077 Unde
488 2031 582 2093 posse
599 2011 728 2077 videtur
744 2012 889 2077 concludi
906 2017 1009 2077 totam
1026 2013 1110 2078 hanc
1127 2013 1322 2078 sententiam

155 2116 334 2198 posteriore
358 2123 468 2184 aetate
492 2118 525 2182 in
549 2117 650 2183 vitam
674 2118 860 2199 primariam
885 2117 1053 2184 influxisse
1071 2124 1107 2183 nt
1129 2139 1243 2185 versus
1268 2139 1324 2185 an·

155 2225 342 2289 tecedentes
366 2225 549 2290 accuratius
574 2225 924 2290 circumscriberentnr.

249 2333 350 2395 Porro
384 2331 474 2396 vitae
510 2330 676 2413 Lysianae
716 2352 746 2396 v.
784 2337 914 2396 38-39
956 2337 1145 2418 γεννηθῆναι
1179 2331 1212 2396 δέ·
1247 2353 1328 2418 quan

155 2431 210 2503 ἐν)
239 2437 426 2512 attonitam
453 2430 604 2522 ἄρχοντος
628 2439 697 2503 sine
722 2439 817 2503 dubio
841 2437 1067 2519 repetitionem
1091 2443 1265 2520 praebent3
1299 2461 1328 2506 v.

156 2544 284 2610 tenim
313 2543 376 2610 iam
405 2545 542 2628 legimus
568 2537 625 2608 ἐπὶ.
651 2545 837 2620 Φιλοκλέους
860 2537 1026 2630 ἄρχοντος,
1051 2551 1085 2610 et
1116 2547 1197 2611 haec
1228 2550 1330 2613 verba

156 2658 233 2716 ante
257 2671 287 2716 v.
315 2657 355 2716 38
373 2657 444 2715 -39
473 2651 608 2717 inventa
636 2671 709 2716 esse
732 2651 765 2716 in
790 2652 860 2717 vita
884 2672 941 2733 pro
966 2658 1054 2717 certo
1077 2653 1259 2718 habendum
1283 2653 1329 2720 vi·

155 2760 264 2834 detnr3
294 2776 368 2823 nam
399 2763 433 2822 et
462 2763 713 2823 consentaneum
745 2764 797 2823 est
827 2758 859 2823 in
892 2757 1023 2824 exordio
1047 2757 1137 2823 vitae
1161 2779 1221 2839 qno
1246 2779 1329 2825 aurio

155 2871 252 2930 natus
277 2864 321 2930 sit
344 2869 455 2930 orator
471 2864 586 2929 referri
610 2903 654 2911 -
678 2865 815 2930 ethaeo
843 2865 1016 2931 concinunt
1039 2884 1109 2929 cnm
1133 2865 1328 2946 reliquarum

154 2971 296 3038 vitarum
311 2971 438 3037 ratione
477 3009 502 3016 -
529 2977 563 3036 et
584 2990 680 3036 versu
705 2980 722 3036 o·
748 2973 846 3037 multo
871 2971 1055 3037 accuratius
1080 2991 1184 3037 annus
1208 2972 1329 3038 natalis

155 3077 326 3160 exponitur
358 3080 428 3163 (roo
457 3076 538 3159 μετὰ
566 3077 751 3165 emanata.)
799 3080 933 3145 Intrusa
964 3083 1071 3143 autem
1103 3083 1155 3144 est
1178 3078 1330 3159 repetitio

156 3185 330 3266 additaque
363 3186 404 3251 ad
436 3185 549 3251 mortis
583 3205 701 3250 annum
732 3191 767 3250 ut
799 3185 873 3250 inde
904 3185 993 3250 vitae
1026 3184 1166 3265 spatium
1201 3185 1330 3250 facilius

156 3298 380 3375 cognoscatur.

245 3402 371 3466 Addam
406 3401 563 3467 Isocratis
601 3407 729 3466 70--73
770 3400 823 3481 qui
862 3419 976 3466 versus
1015 3399 1042 3463 si
1083 3419 1144 3464 non
1180 3403 1332 3480 repetunt

156 3513 301 3572 attamen
319 3512 471 3588 spectant
494 3509 546 3573 vel
563 3507 670 3588 potius
687 3508 886 3589 amplificant
902 3508 1000 3573 alium
1016 3508 1128 3573 locum.
1170 3510 1331 3573 (sorrentum

155 3604 264 3678 autem
288 3613 336 3679 sic
359 3619 436 3695 puto
453 3614 595 3680 institui:
620 3618 694 3696 post
717 3635 747 3679 v.
766 3621 807 3678 to
832 3634 899 3694 sqq.
918 3614 1047 3678 uberius
1073 3634 1157 3679 mors
1175 3615 1331 3680 isocratis

154 3727 323 3802 narratum
349 3721 559 3803 sequentibus
576 3722 723 3787 adnectit
739 3721 880 3787 vitarum
897 3721 1087 3802 compilator
1104 3721 1331 3786 adnotationes

157 3831 196 3895 de
221 3829 440 3895 orationibus:
485 3831 525 3895 dc
560 3828 817 3912 Panathenaico,
853 3829 1010 3894 aduersus
1049 3827 1248 3911 Philippum,
1291 3829 1332 3893 ad

155 3935 326 4002 Nicoclem.
386 3936 472 4002 Sane
508 3936 605 4002 etiam
642 3937 683 4001 ad
718 3936 802 4000 lianc
836 3936 1013 4000 orationem
1051 3940 1329 4000 connnemoratam

156 4041 379 4108 additamenta
403 4042 632 4126 adiunguntur,
658 4044 715 4108 sed
738 4043 828 4124 haec,
852 4041 885 4105 ni
907 4041 1011 4115 fallor,
1036 4042 1265 4121 quodammodo
1290 4041 1331 4105 ad

155 4149 320 4215 orationes
337 4149 511 4231 pertinent.
530 4169 559 4216 v.
580 4156 596 4213 7
602 4157 619 4214 5
645 4149 729 4214 enim
746 4149 902 4229 scriptum
919 4147 1064 4213 videmus
1088 4147 1142 4209 καὶ
1158 4145 1332 4209 odierno

155 4253 283 4340 λαβὼν
306 4247 389 4344 ὑπὲρ
412 4265 468 4320 τοῦ
493 4253 574 4344 πρὸς
597 4246 695 4320 αὐτὸν
717 4257 895 4341 γραφέντος
910 4251 1013 4338 λόγον,
1038 4254 1122 4319 unde
1138 4259 1236 4335 capta
1251 4272 1333 4334 quae
