2970 4746
639 271 849 370 „ffu-

151 490 302 554 lsocratc
325 506 416 569 quem
441 507 471 552 a.
495 492 560 552 436
590 493 702 553 natum
732 487 815 552 satis
839 493 979 554 constat.
1026 489 1141 570 Itaque
1165 488 1250 555 haud
1274 487 1329 555 ab·

152 596 252 662 surde
280 594 423 661 conicias
453 614 523 661 cum
556 594 777 677 Christio*)
810 616 836 660 c.
868 614 986 661 annum
1014 600 1077 661 445
1113 603 1224 663 natum
1257 617 1330 662 esse

152 701 329 785 Syracusis
361 709 532 767 oratorem.
585 701 722 767 Accedit
752 703 835 783 quod
864 702 994 768 minime
1029 703 1205 770 verisimile
1235 711 1331 770 esta

153 809 269 893 Lysia,
293 809 347 891 qui
370 808 434 874 arti
452 808 645 890 rhetoricae,
670 814 726 874 aut
750 809 1006 893 aPolemarcho,
1032 811 1084 891 qui
1109 811 1330 893 philosophiae

154 916 328 999 studuerit,
352 914 531 981 armatoria
554 915 614 981 illa
630 921 758 998 parata,
784 917 840 982 sed
865 916 964 980 multo
989 917 1190 998 probabilius
1214 937 1287 983 esse
1311 938 1331 983 a

154 1030 251 1105 patre
279 1022 463 1089 hereditate
492 1027 637 1104 accepta.
691 1022 859 1104 Brachylli
887 1023 1001 1088 fratris
1036 1042 1151 1088 nomen
1179 1044 1219 1089 ex
1248 1031 1330 1090 urat..

154 1129 441 1196 Pseudodemosth.
468 1128 697 1210 interpolatum
727 1148 799 1193 esse
831 1129 894 1195 ianr
923 1131 1040 1195 ‹lulum
1071 1130 1133 1195 viri
1166 1131 1252 1196 docti
1281 1152 1331 1196 co-

154 1242 348 1319 gnoverunt.
407 1237 480 1302 Una
515 1242 621 1301 restat
652 1234 837 1301 difficultas.
896 1237 990 1317 Aprul
1022 1236 1217 1318 Dionysium
1246 1238 1331 1302 enim

155 1343 485 1439 Halicarnassensem
506 1341 660 1423 scriptum
678 1342 873 1408 invenimus:
899 1341 931 1407 iv
955 1334 1091 1428 trinoque
1115 1344 1225 1430 πολλῇ.
1250 1363 1331 1425 «puae

155 1452 258 1516 verba
282 1453 358 1515 sunt
389 1449 442 1529 qui
476 1449 579 1515 velint
602 1450 797 1530 respondere
820 1449 990 1515 Plotianis
1014 1441 1051 1515 od
1082 1450 1207 1514 nullam
1231 1448 1331 1514 indst-

156 1576 276 1640 στερον.
316 1555 375 1620 Oui
400 1554 584 1620 sententiae
607 1574 667 1637 ego
684 1575 746 1620 non
763 1555 868 1638 magis
885 1557 1127 1622 assentiendum
1144 1563 1221 1638 puto
1238 1576 1332 1638 quam

156 1663 336 1728 Zuckero
361 1661 461 1746 (Acta
483 1680 561 1726 sem.
578 1662 655 1743 phil.
673 1662 808 1744 Erlang.
827 1663 844 1726 I
860 1664 1052 1746 stus-305)
1070 1664 1216 1729 censenti
1233 1666 1333 1729 verba

156 1768 189 1834 ἐν
212 1760 351 1855 εὐπορίᾳ
374 1767 473 1854 πολλῇ
498 1769 654 1834 mutanda
678 1787 750 1834 esse
774 1768 807 1834 in
832 1766 885 1856 ἔτη
910 1773 991 1853 τρία,
1016 1789 1086 1835 cum
1110 1790 1170 1852 ego
1194 1770 1332 1852 Dionysi

156 1879 259 1944 verba
283 1895 345 1941 non
369 1880 523 1956 corrupta
547 1880 669 1958 putem,
702 1877 759 1941 sed
792 1877 874 1941 rnale
898 1876 972 1941 huic
995 1877 1063 1941 loco
1088 1877 1213 1942 inserta
1236 1882 1333 1959 atque

156 1985 292 2049 eandem
334 1981 403 2047 iere
438 1981 634 2047 sententiam
669 1982 1001 2063 Pseruloplutarchum
1039 1985 1195 2064 praebere
1228 2003 1257 2048 v.
1294 1988 1331 2048 4:

156 2086 287 2173 πλούτῳ
316 2087 487 2175 διαφέρων,
517 2088 633 2169 quibus
662 2089 771 2154 verbis
802 2089 882 2153 nihil
911 2089 1040 2155 videtur
1064 2089 1241 2171 significari
1270 2089 1333 2154 nisi

156 2195 283 2263 divitiis
300 2196 474 2277 Cephalum
501 2196 694 2261 abumiasse.
732 2197 881 2261 ceterum
899 2196 1059 2277 permulta
1075 2216 1115 2261 ex
1132 2196 1333 2261 orationibus

157 2305 280 2386 Lysiae
295 2303 429 2369 fluxisse
445 2302 661 2385 nurusquisque
678 2305 832 2370 concedet
848 2303 900 2384 ‹pui
918 2304 1102 2369 accuratius
1115 2303 1332 2385 introspiciat,

155 2409 304 2493 inprimis
328 2409 386 2475 cfr.
413 2409 534 2496 Lysiae
559 2410 631 2476 adv.
649 2410 902 2476 Eratosthenem
928 2415 1055 2474 16--18
1080 2430 1106 2475 c.
1124 2408 1331 2489 Pseudoplut.

156 2539 187 2599 p.
214 2521 279 2583 242
304 2536 334 2583 v.
361 2522 402 2581 22
427 2536 494 2597 sqq.

236 2659 338 2742 Quae
366 2665 541 2740 sequuntur
565 2679 635 2724 cum
660 2658 927 2724 antecedentibus
952 2664 1018 2723 tam
1043 2661 1124 2723 bene
1148 2659 1332 2740 cohaerent,

155 2771 194 2832 ut
217 2784 257 2831 ea
283 2785 405 2847 (unoque
429 2785 469 2830 ex
494 2766 597 2847 Lysia
621 2765 690 2846 ipso
715 2766 835 2830 hausta
858 2785 930 2847 esse
954 2765 1141 2845 videantur;
1175 2765 1332 2830 orationis

155 2878 275 2955 autem,
299 2870 333 2936 iu
358 2892 421 2953 qua
438 2872 495 2938 illa
512 2873 619 2938 inesse
636 2878 819 2955 potuerunt,
844 2872 871 2936 si
897 2891 959 2936 non
984 2872 1170 2954 fragmenta
1187 2878 1332 2937 attamen

155 2977 273 3044 titulus
304 2984 469 3044 servatur:
506 2979 579 3064 περὶ
605 2987 669 3042 reor
694 2978 783 3042 ἰδίων
807 2969 1004 3062 εὐεργεσιῶν,
1035 2999 1097 3060 qua
1125 2979 1158 3044 in
1187 2978 1333 3044 oratione

156 3103 253 3166 quam
277 3087 359 3151 berre
383 3085 517 3150 meritus
542 3085 586 3150 sit
609 3086 649 3150 de
673 3084 927 3150 Atheniensibus
952 3085 1072 3167 Lysias
1097 3085 1250 3166 explicat.

246 3228 357 3294 Etiam
381 3227 592 3294 Isocratis
623 3226 725 3293 vitam
755 3226 942 3308 primariam
965 3245 1116 3309 magnam
1141 3233 1267 3307 partem
1292 3245 1333 3290 ex

155 3335 358 3401 orationibus
381 3335 515 3400 duxisse
539 3333 742 3416 perspicuum
766 3341 818 3399 est
841 3332 989 3414 inprimis
1014 3353 1054 3398 ex
1078 3332 1226 3398 oratione
1250 3351 1332 3413 quae

155 3448 209 3508 est
232 3442 308 3526 περὶ
331 3432 533 3516 εἷενιιόόσεως.

318 3565 357 3630 cf.
383 3565 553 3646 Pseudopl.
594 3570 609 3628 l
636 3583 705 3643 sqq.
731 3582 801 3628 cum
825 3564 925 3628 Isocr.
952 3563 1014 3628 XV
1041 3568 1112 3626 161.

334 3724 352 3756 ,,
458 3725 476 3756 ,,
574 3677 687 3751 ἳῑεᾳ.
763 3722 775 3751 „
867 3722 880 3751 ,
978 3722 991 3752 ,
1067 3721 1080 3750 „

464 3830 476 3860 ,
576 3785 616 3843 bd
764 3829 777 3858 ,
867 3830 880 3860 ,
952 3777 1021 3843 XII
1045 3781 1075 3843 3.
1102 3783 1174 3843 267.

337 3936 350 3966 ,
464 3937 476 3966 „
576 3890 617 3949 93
764 3936 777 3965 „
868 3884 1160 3967 „episaaa

247 4152 272 4217 *l
286 4151 334 4204 cfr.
348 4151 424 4204 Iwan
438 4152 597 4204 llliiller's
607 4150 759 4205 Handbuch
772 4150 820 4204 der
835 4151 916 4203 hlass.
928 4148 1267 4203 Altertnmswissenschait
1280 4148 1333 4200 Vll

158 4241 218 4293 288.
257 4239 370 4306 Blass,
390 4239 434 4293 die
453 4238 570 4294 attischc
589 4238 797 4293 Bercdsamlrelt
820 4241 830 4291 1
853 4239 893 4292 cd.
913 4239 963 4291 alt.
983 4255 1008 4305 p.
1027 4241 1079 4292 339
1099 4253 1155 4304 suo.

1138 4346 1170 4398 3*
