2970 4746
789 283 912 380 50-

371 489 536 581 διαφυγών
560 479 668 570 αὖθις,
701 485 801 559 ὁπότε
830 491 993 581 κατελύθη
1015 486 1035 580 ἡ
1060 484 1234 580 όλιγαρχία,
1268 490 1405 571 ἐξέπεσε

369 609 426 687 της
437 599 563 676 πόλεως
579 596 653 685 [ἕως
664 609 728 665 τῶν
743 599 771 664 λ’
784 599 840 686 τήν
855 592 951 689 άρχήν
967 598 1241 688 παραλαβόντων]
1269 598 1406 688 οἰκήσας

370 705 404 770 δὲ
426 704 481 772 τὸν
504 715 559 794 τῆς
584 715 687 794 φυγῆς
706 705 818 792 χρόνον
842 705 874 772 ἐν
883 699 987 772 Ἤλιδι
1003 706 1228 773 κατελθόντων
1242 716 1308 773 των
1325 709 1405 794 περὶ

375 812 593 902 θρασόβουλον
608 813 662 877 καὶ
687 805 783 891 αότὸς
805 803 877 902 ήκεν
900 812 947 891 εἰς
962 813 1017 899 τήν
1032 813 1137 879 πόλιν.
1170 814 1347 902 πεμφθεὶς
1372 814 1406 879 δὲ

237 976 240 982 ,
299 925 341 986 40
370 918 447 1008 περὶ
477 929 533 1008 τής
565 919 688 1007 εἰρήνης
722 919 769 998 εἰς
799 920 1024 1003 Λακεδαίμονα
1061 921 1116 985 καὶ
1147 919 1240 999 δόξας
1276 912 1404 988 άδικεῖν

373 1024 480 1115 ἐ’φυγε.
506 1027 594 1114 δηλοῖ
611 1026 644 1090 δὲ
660 1028 736 1114 περὶ
751 1027 882 1093 πάντων
899 1025 931 1093 ἒν
947 1038 1016 1104 τοῖς
1030 1027 1138 1113 λόγοις
1154 1025 1202 1105 οἷς
1220 1033 1401 1115 συγγέγρα-

373 1158 442 1222 φεν.
493 1133 555 1222 1)οί
577 1134 719 1220 μὲνγὰρ
742 1127 1000 1220 άπολογουμόνου
1024 1136 1100 1223 περὶ
1122 1144 1187 1201 τῶν
1215 1141 1404 1224 μυστηρίων

373 1239 464 1320 εἰσίν,
489 1239 519 1306 οἱ
543 1240 576 1305 δὲ
598 1241 741 1306 καθόδου
764 1243 920 1325 δεομένου.
969 1241 1106 1322 σώζεται
1130 1234 1158 1307 δ’
1182 1235 1281 1308 advo&
1303 1246 1363 1308 καὶ
1387 1238 1405 1309 ό

374 1350 451 1436 περὶ
478 1357 533 1436 τῆς
561 1346 721 1427 ἐνδείξεως
750 1349 842 1436 λόγος
872 1347 940 1437 [καὶ
962 1342 1123 1435 άπολογία
1153 1350 1234 1439 πρὸς
1259 1351 1402 1440 Φαίακα]

374 1457 428 1533 καὶ
452 1456 527 1541 περὶ
550 1464 606 1543 τής
626 1453 757 1543 εἰρήνης.
796 1456 882 1543 ί·’)καὶ
905 1450 1025 1545 ήκμακε
1046 1457 1105 1539 μὲν
1120 1456 1201 1521 κατὰ
1217 1466 1332 1523 τοῦτον
1349 1457 1405 1525 τὸν

299 1568 342 1629 45
370 1561 480 1648 χρόνον
503 1556 571 1643 ἅμα
595 1562 757 1649 Σωκράτει
780 1574 827 1649 τηῖ
852 1563 1033 1651 φιλοσόφῳ.
1065 1557 1156 1650 ἄρχει
1180 1556 1208 1628 δ’
1232 1556 1323 1652 αότηῖ
1347 1575 1406 1655 τῆς

372 1674 525 1755 γενέσεως
543 1660 702 1752 όλυμπιάς
720 1670 779 1752 μὲν
798 1669 835 1758 οή
856 1664 974 1758 [άρχων
992 1663 1020 1734 δ’
1032 1662 1184 1759 Ἀθήνησι
1205 1673 1401 1762 θεογενίδης,

374 1768 452 1840 ὥστ’
461 1774 543 1842 εἶναι
555 1776 770 1863 πρεσβύτερον
783 1769 879 1843 αότδν
887 1782 1011 1843 Λυσίου
1024 1775 1110 1843 ἐ’τεσί
1122 1802 1186 1844 που
1199 1777 1236 1866 ί]
1264 1779 1405 1865 )τοότου

373 1875 401 1947 δ’
417 1881 584 1966 ἐπώνυμός
599 1881 668 1949 ἐστι
683 1886 738 1949 καὶ
752 1877 867 1973 <Ερμῆς
884 1876 1084 1951 όόίνδοκίδου
1099 1884 1303 1967 καλούμενος,
1321 1877 1405 1952 άνά-

375 1996 469 2079 θημα
491 1992 550 2075 μὲν
580 1987 624 2057 ὢν
655 1993 754 2080 φυλής
777 1991 939 2079 Αἰγηίδος,
970 1989 1159 2076 ἐπικληθεὶς
1183 1981 1212 2055 δ’
1226 1983 1405 2059 Ὰνδοκίδου

303 2105 344 2165 50
376 2098 428 2164 διὰ
459 2097 497 2164 τό
520 2100 657 2186 πλησίον
687 2107 883 2186 παροικῆσαι
906 2097 961 2163 τόν
978 2090 1161 2185 Ἀνδοκίδην.
1210 2095 1276 2185 [καὶ
1304 2092 1405 2178 αότός

375 2197 403 2268 δ’
428 2203 596 2292 ἐχορήγησε
628 2207 744 2292 κυκλίῳ
765 2215 850 2292 χορηῦ
879 2214 920 2293 τῇ
948 2198 1046 2270 αὑτοῦ
1071 2205 1153 2292 φυλή
1184 2196 1404 2294 ἀγωνιζομένη

374 2311 565 2398 διθυράμβῳ
600 2314 654 2376 καὶ
688 2311 819 2400 νικήσας
848 2304 988 2400 άνίθηκε
1018 2311 1155 2399 τρίποδα
1186 2304 1240 2399 ἐφ’
1275 2305 1405 2402 ’ὑψηλοῦ

375 2411 522 2505 άντικρυς
544 2427 602 2483 τοῦ
624 2423 767 2503 πωρίνου
790 2417 962 2506 Σειληνοῦ]
1011 2416 1115 2505 4γ’έστι
1139 2410 1167 2482 δ’
1197 2411 1322 2496 διπλοῦς
1350 2422 1403 2484 καὶ

376 2517 594 2603 άκατάσκευος
613 2522 645 2591 ἐν
660 2535 729 2602 τοῖς
744 2524 861 2611 λόγοις,
885 2517 1009 2614 άφελής
1031 2526 1136 2591 τεκαὶ
1152 2517 1403 2614 ἀσχημάτιστος.

644 2671 715 2738 ΠΙ.
749 2671 876 2753 Lysiae
898 2671 982 2738 vita.

252 2774 302 2842 (cf.
322 2775 522 2842 Westermann‚
542 2791 568 2843 p.
587 2776 638 2829 241
658 2791 715 2843 sqq.
753 2774 834 2829 Photi
852 2774 1018 2829 bibliotheca
1037 2773 1095 2829 cod.
1114 2776 1167 2829 262
1185 2791 1211 2843 p.
1230 2777 1387 2847 488-490)

377 2883 535 2971 5)Λυσίας
557 2881 626 2960 υἱός
648 2871 684 2971 ήν
707 2881 859 2971 Κεφάλου
890 2892 947 2949 τοῦ
971 2887 1134 2949 Λυσανίου
1158 2892 1215 2948 τοῦ
1238 2882 1403 2972 Κεφάλου,

376 2995 590 3075 Συρακουσίου
597 2989 655 3073 μὲν
667 2995 764 3074 γένος,
778 2988 1036 3072 μεταναστάντος
1048 2981 1076 3054 δ’
1085 2981 1403 3078 εἰςόίθήναςὲπιθυ-

374 3101 435 3184 μίᾳ
457 3120 493 3162 τε
515 3107 571 3186 της
593 3096 721 3173 πόλεως
743 3097 797 3160 καὶ
814 3097 1001 3183 Περικλέους
1022 3106 1078 3161 τοῦ
1095 3101 1295 3162 Ξανθίππου
1312 3095 1402 3185 [πεί-

375 3225 490 3281 σαντος
513 3196 609 3270 αότδν
633 3204 728 3291 φίλον
751 3196 826 3268 όντα
849 3203 904 3267 καὶ
928 3202 1023 3283 ξένον,
1046 3201 1175 3289 πλοότφ
1197 3202 1402 3290 διαφέροντα,

326 3318 344 3377 ό
376 3304 420 3390 ὥς
431 3311 464 3376 δί
479 3336 563 3389 τινες
579 3308 755 3376 ἐκπεσόντα
770 3319 835 3375 τῶν
851 3319 1057 3395 Συρακουσῶν
1073 3302 1164 3398 ήνίκα
1178 3302 1244 3375 ὑπό
1262 3311 1406 3388 Γέλωνος

376 3415 626 3506 ἐτυρραννοῦντο.
674 3415 841 3502 γενόμενος
868 3408 895 3480 δ
915 3408 1085 3504 ᾌθήνησιν
1126 3413 1183 3481 ἐπὶ
1217 3416 1406 3494 Φιλοκλέους

375 3518 525 3612 άρχοντος
540 3534 596 3590 τοῦ
618 3522 700 3610 μετὰ
719 3524 880 3611 Φρασικλῆ·
894 3521 974 3587 κατὰ
992 3522 1029 3588 τό
1044 3522 1073 3606 (ί
1091 3521 1161 3600 ἔτος
1176 3531 1232 3610 τῆς
1252 3521 1288 3587 π’
1307 3515 1405 3606 όλυμ-

377 3630 506 3720 πιάδος]
532 3630 570 3698 τό
593 3632 651 3716 μὲν
673 3639 804 3718 πρῶτον
828 3628 1074 3696 συνεπαιδεύετο
1089 3639 1158 3706 τοῖς
1180 3626 1405 3716 ἐπιφανεστά-

377 3762 446 3816 τοις
460 3730 648 3827 ᾍθηναίων.
690 3736 762 3803 ἐπεὶ
786 3737 819 3801 δὲ
842 3736 897 3824 τήν
921 3735 968 3813 εἰς
990 3735 1127 3822 Σάβαριν
1150 3727 1306 3800 άποικίαν
1335 3733 1407 3824 [τήν

266 3904 269 3908 “
316 3900 336 3964 ¹)
356 3899 470 3953 Photius
488 3917 514 3968 p.
533 3903 585 3954 488
605 3917 622 3954 ε
642 3900 754 3953 16-18.

315 3988 339 4057 2)
357 3987 472 4042 Photius
491 4005 517 4056 p.
536 3991 589 4042 488
608 4004 624 4041 a
644 3989 686 4040 20.

316 4075 338 4143 3)
357 4076 472 4130 Photius
491 4093 517 4144 p.
536 4079 589 4130 488
608 4077 625 4131 b
645 4078 687 4129 10.

315 4165 338 4233 4)
358 4163 472 4219 Photius
490 4181 517 4233 p.
535 4166 588 4219 488
608 4181 624 4218 ε
645 4165 757 4217 18-20.

316 4251 338 4321 ⁵)
357 4252 472 4309 Photius
491 4269 516 4322 ρ.
535 4251 624 4308 4801)
645 4253 686 4305 18.
