2970 4746
807 267 826 330 6

708 353 920 364 u--o———n—-a-n

229 477 343 542 harum
368 475 507 542 vitarum
532 473 729 549 auctoritate
757 480 846 541 recte
869 472 1012 540 iudicare
1036 474 1195 556 volumus,
1224 473 1360 555 utquid
1384 493 1404 540 a

190 621 202 643 .
231 581 388 664 principio
423 581 578 663 scriptum
612 581 729 664 luerit,
765 580 839 662 quid
870 588 944 662 post
974 583 1015 646 ab
1052 579 1129 646 aliis
1158 582 1222 646 alio
1257 579 1404 661 ternpore

230 687 391 754 adiectum
427 687 674 770 distinguamus.
734 685 1023 767 Interpolationum
1059 692 1167 751 autem
1203 693 1237 752 et
1275 686 1402 751 addita-

231 802 407 859 mentorum
424 812 546 876 genera
562 792 775 858 discernenda
799 799 884 875 sunt,
908 799 944 857 nt
967 793 1006 858 de
1023 811 1131 857 eornm
1155 793 1216 858 lide
1241 791 1403 873 disputari

229 898 342 980 possit.
380 898 592 964 Schaeferi
610 898 848 991 argumentatio
864 917 934 991 curn
958 897 1028 963 iure
1052 904 1086 963 et
1101 898 1235 963 alionum
1260 897 1402 962 virorum

229 1006 393 1070 doctorum
403 1011 436 1070 et
446 1005 497 1069 Vo
506 1005 584 1069 lkm
593 1023 640 1070 an
651 1003 690 1068 ni
703 1002 1016 1097 viridocti‘plausum
1030 1003 1223 1084 tuleritiam
1237 1023 1307 1086 ego,
1319 1003 1402 1084 quod

229 1110 283 1175 ille
307 1109 340 1174 in
363 1109 452 1176 aliud
475 1106 601 1192 tempus
618 1096 864 1193 reiecitinrne
888 1111 1005 1192 recepi,
1030 1110 1182 1176 videlicet
1205 1111 1292 1176 utin
1318 1130 1401 1175 conr-

229 1216 418 1299 positionem
436 1219 592 1299 fidemque
616 1218 814 1300 singularum
832 1217 971 1283 vitarum
989 1217 1177 1300 diligentins
1195 1217 1400 1298 inquirerem.

321 1323 416 1390 Vitas
440 1326 548 1390 decem
573 1330 735 1389 oratorum
759 1316 1094 1405 Pseudoplutarcheas
1118 1344 1180 1389 non
1204 1343 1266 1389 uno
1290 1329 1402 1388 tenore

228 1429 424 1512 compositas
441 1430 622 1512 scriptasve
639 1450 711 1495 esso
728 1430 943 1511 unusquisqne
960 1430 1055 1496 facile
1078 1430 1257 1513 intelleget,
1297 1429 1401 1494 nrani-

229 1536 313 1602 festo
338 1535 421 1602 enim
445 1535 478 1601 in
504 1535 641 1618 singulis
665 1535 743 1601 vitis
767 1537 850 1602 duae
874 1542 985 1617 partes
1008 1536 1244 1619 discernuntur,
1268 1555 1401 1616 quarum

230 1643 318 1725 prior
346 1645 386 1709 de
414 1644 483 1709 vita
514 1650 549 1709 et
578 1645 674 1708 rebus
703 1643 807 1725 gestis
843 1643 982 1708 oratoris
1012 1643 1123 1708 ordine
1155 1663 1257 1726 agens
1286 1642 1402 1723 ubique

229 1751 340 1816 eadem
373 1750 537 1816 sententia
565 1750 779 1830 concluditur,
803 1768 885 1831 quae
909 1754 960 1814 est
988 1750 1028 1815 de
1059 1748 1238 1815 orationum
1271 1768 1401 1814 numero

230 1862 288 1922 aut
311 1858 351 1922 de
381 1855 507 1922 dicendi
539 1875 674 1938 gonere3
705 1875 786 1937 quae
815 1855 847 1920 in
874 1856 934 1920 hae
958 1861 1052 1936 parte
1075 1861 1268 1935 narrantur,
1293 1874 1401 1936 ‹pram-

228 1981 323 2043 ‹pram
347 1962 509 2028 nonnullis
537 1962 617 2028 locis
649 1962 872 2028 additamenta
903 1961 1065 2028 interioris
1090 1961 1163 2027 aevi
1187 1981 1249 2026 non
1274 1962 1401 2042 desunt,

229 2067 262 2132 in
291 2067 476 2134 universum
505 2074 613 2134 tamen
638 2069 776 2150 speciem
808 2068 902 2134 unius
926 2068 1015 2134 vitae
1044 2067 1215 2134 continuae
1239 2073 1336 2148 atque
1360 2069 1402 2132 ab

230 2193 293 2240 uno
316 2176 488 2255 eodemque
511 2179 644 2240 auctore
668 2174 870 2256 conscriptae
893 2177 1061 2256 praebent.
1111 2175 1213 2240 Valde
1237 2173 1403 2254 discrepat

230 2282 272 2346 ab
297 2280 359 2345 hac
389 2287 483 2362 parte
511 2281 627 2346 altera.
675 2280 752 2346 Sine
776 2279 844 2345 ulla
866 2280 1078 2361 dispositione
1102 2282 1160 2346 hoc
1189 2280 1221 2344 in
1246 2278 1400 2360 auctario,

226 2405 288 2469 quo
311 2387 465 2453 vocabulo
488 2386 687 2452 sollemniter
711 2387 794 2452 hanc
817 2392 945 2468 partem
959 2386 1144 2470 significare
1169 2385 1292 2467 licebit,
1309 2384 1401 2450 vario

229 2492 330 2559 variis
364 2493 399 2558 in
431 2492 509 2558 vitis
545 2492 656 2558 ordine
691 2493 932 2574 adnotationes,
962 2493 1107 2576 fabulae,
1144 2492 1211 2558 alia
1245 2490 1401 2557 eiusmodi

228 2599 432 2683 colliguntur,
457 2619 539 2681 quae
562 2601 601 2665 ad
627 2599 728 2664 vitam
753 2599 893 2665 oratoris
916 2599 1146 2665 illustrandam
1175 2597 1308 2663 minoris
1336 2616 1400 2662 nro·

228 2704 327 2771 menti
352 2711 438 2771 sunt.

318 2814 424 2892 Atque
456 2811 589 2893 primum
614 2812 757 2894 quidem,
781 2818 817 2877 ut
840 2832 939 2894 supra
962 2812 1081 2877 dictum
1106 2817 1173 2894 est,
1197 2811 1343 2876 omuibus
1367 2809 1400 2874 in

227 2917 307 2983 vitis
330 2918 504 2984 nonnullae
520 2937 573 2984 res
597 2924 686 2983 certo
702 2918 814 2983 ordine
837 2924 988 2999 certoque
1012 2917 1145 2984 consilio
1161 2923 1400 2998 enumerantur,

228 3043 309 3105 qrras
344 3026 385 3090 ad
421 3024 560 3090 oratoris
589 3043 694 3090 mores
725 3025 964 3107 cognoscendos
994 3024 1128 3090 nurltum
1159 3024 1269 3089 valere
1298 3025 1400 3104 primo

227 3133 342 3196 obtutu
365 3130 553 3214 apparet.*)
600 3130 815 3196 Nominantur
837 3130 920 3196 enirn
946 3129 979 3195 in

284 3236 310 3301 Ι.
335 3236 406 3303 vita
428 3236 710 3317 Antiphontis:
743 3242 852 3318 pater,
881 3254 1000 3319 pagna,
1024 3242 1267 3318 praeceptores
1297 3253 1400 3301 annus

334 3343 473 3426 natalie,
509 3362 613 3409 annus
648 3343 777 3424 rnortiS,
811 3362 864 3409 res
899 3348 1014 3426 gestae
1053 3342 1214 3427 (merita),
1251 3359 1401 3407 numerus

335 3450 527 3516 orationum.

264 3556 308 3620 ΙΙ.
333 3554 403 3622 vita
425 3554 666 3623 Andocidis:
696 3562 808 3640 pater,
832 3575 929 3638 avus,
954 3575 1075 3638 pagus,
1099 3557 1176 3621 ordo
1200 3554 1323 3637 patris,
1348 3573 1401 3620 res

333 3668 458 3746 gestae,
482 3681 586 3729 annus
609 3663 741 3747 natalie,
764 3681 915 3728 numerus
939 3662 1130 3747 orationum,
1153 3661 1239 3728 ratio
1263 3660 1400 3728 dicendi.

246 3768 309 3832 ΙΙΙ.
333 3768 404 3835 vita
440 3767 617 3850 Lysiae:
658 3775 771 3852 pater,
809 3788 905 3852 avus,
945 3788 1099 3852 proavus
1141 3768 1264 3852 patria,
1296 3786 1401 3834 annus

334 3874 471 3958 natalis,
500 3895 553 3941 res
576 3881 705 3960 gestae,
737 3893 840 3941 annus
869 3875 997 3960 mortis,
1028 3876 1209 3942 orationum
1239 3894 1400 3958 numerus,

333 3981 418 4048 ratio
442 3981 578 4049 dicendi.

227 4110 386 4118 --.--—.

316 4159 343 4228 ⁴¹)
361 4158 410 4213 cfr.
429 4158 547 4212 vitarum
565 4163 672 4212 textum
691 4160 911 4214 commentationi
929 4160 1064 4214 adnexum
1082 4160 1230 4214 secundnm
1253 4157 1401 4213 editionem

226 4246 438 4303 chtermauni.
