2970 4746
703 283 915 377 A„

223 496 299 556 suunt
322 492 361 556 de
386 479 510 557 divitiis
536 490 675 556 oratoris
698 491 752 556 vel
773 490 879 571 potius
904 489 1047 572 repetita
1070 510 1110 556 ex
1126 511 1156 556 ν.
1176 497 1234 571 36;
1261 511 1394 572 sequen·

223 595 310 662 tibus
339 595 488 662 versibus
518 597 559 661 ad
590 594 753 661 orationes
777 596 902 662 reditur
934 596 978 679 (v.
1010 597 1172 681 81-81);
1202 617 1232 662 v.
1266 601 1394 662 70-73

221 708 338 767 contra
373 701 443 767 sine
478 703 542 767 ullo
579 700 690 767 ordine
725 701 777 767 hic
811 707 989 783 ponuntur:
1027 703 1190 783 complura
1218 702 1262 768 'de
1297 723 1396 769 uxore

222 806 397 888 liberisque
420 808 494 873 inde
518 828 538 873 a
561 827 591 874 v.
617 815 677 872 86:
703 809 884 891 συνέγραψε
907 799 934 870 d'
951 799 1049 870 αὐτοῦ
1073 806 1127 879 καὶ
1152 801 1169 869 ὁ
1192 819 1271 884 παῖς
1296 827 1396 889 usque

222 913 263 978 ad
287 932 317 979 v.
343 919 384 978 96
408 913 520 979 insunt
542 913 652 994 itaque
676 913 747 980 veri
769 913 808 978 fit
830 913 1027 979 simillimum
1051 933 1080 979 ν.
1102 919 1229 977 70-73
1255 915 1297 979 ad
1321 914 1395 979 illos

222 1038 347 1103 versus
371 1019 454 1101 inpr.
480 1022 522 1086 ad
546 1020 591 1104 (v.
609 1020 666 1106 86)
683 1020 827 1102 Apharei
851 1039 965 1085 nomen
986 1019 1210 1100 explicandum
1227 1021 1396 1086 adiunctos

222 1145 308 1207 esse3
339 1126 404 1191 iam
435 1130 472 1191 ut
503 1126 656 1209 leguntur
679 1146 759 1218 curn·
772 1146 831 1208 per
855 1145 889 1192 se
914 1132 1003 1192 stare
1027 1146 1089 1192 uon
1115 1127 1242 1208 possint
1266 1126 1395 1192 axillis

222 1231 374 1298 videntur
403 1252 582 1299 emanasse.
637 1234 688 1299 Ad
720 1252 749 1299 v.
783 1239 914 1298 84-86
942 1233 1031 1298 vitae
1061 1232 1203 1299 eiusdem
1233 1235 1395 1315 adeamus

222 1338 336 1419 quibus
365 1338 515 1405 versibus
545 1345 579 1404 et
606 1338 758 1420 repetitio
787 1345 821 1405 et
848 1339 1056 1420 amplificatio
1087 1359 1117 1404 v.
1145 1345 1185 1403 58
1211 1339 1394 1404 continetur

223 1444 277 1528 (cf.
303 1464 333 1511 v.
359 1454 415 1507 τοῦ
443 1448 532 1526 βίου
556 1437 583 1507 δ’
608 1437 773 1529 ἡμέραις
796 1443 848 1508 διὰ
876 1442 913 1508 τό
945 1449 1057 1508 σιτίων
1086 1437 1295 1524 ἄντοσχέσέλαι
1324 1465 1394 1510 cum

223 1557 281 1615 85:
307 1549 337 1614 ci
360 1549 393 1614 (λέ
416 1561 655 1635 τεταρταῖον
678 1545 746 1632 ἅμα
770 1563 842 1627 ταῖς
864 1552 1009 1638 ταφαῖς).
1050 1553 1096 1616 Et
1112 1553 1172 1617 hoc
1188 1571 1310 1632 quoque
1326 1553 1408 1617 loco

223 1675 379 1736 quaenam
404 1657 568 1722 sententia
591 1657 679 1739 prior
703 1658 834 1723 steterit
856 1658 1073 1740 intellegitur3
1098 1678 1126 1724 v.
1154 1664 1284 1723 ὅδε-65
1310 1658 1393 1722 euim

223 1782 304 1844 quae
329 1764 368 1828 de
391 1769 494 1829 morte
509 1764 667 1830 Isocratis
690 1764 789 1847 digna
805 1765 877 1832 visa
894 1770 979 1848 sunt,
1004 1784 1085 1846 quae
1101 1772 1395 1848 commemorentur,

223 1874 291 1935 tam
315 1875 391 1951 apte
414 1870 501 1936 inter
525 1891 560 1936 sc
583 1873 758 1937 cohaerent
780 1879 817 1936 ut
840 1872 895 1938 vix
919 1872 1048 1954 possint
1074 1871 1223 1938 discerni.
1272 1872 1396 1938 Deinde

223 1983 331 2042 autern
347 1977 436 2044 vitae
461 1977 651 2060 compilator
674 1984 708 2044 et
730 1979 789 2044 illa
811 1979 967 2061 repetivit
990 1984 1025 2044 et
1047 1998 1132 2045 nova
1156 1979 1290 2062 addidit,
1315 1999 1396 2060 quac

224 2083 252 2149 si
275 2103 338 2149 non
363 2085 403 2150 de
426 2090 554 2150 morte
578 2090 723 2150 attamen
747 2086 787 2150 de
810 2091 960 2151 mortuo
981 2087 1128 2151 Isocrate
1152 2095 1228 2151 sunt
1251 2103 1396 2166 quaeque

225 2209 295 2255 cum
319 2210 349 2257 v.
375 2196 528 2255 87-1116
553 2189 673 2271 optime
696 2191 940 2273 coniunguntur.

311 2298 365 2361 Ex
399 2295 544 2378 Lycurgi
579 2313 703 2378 duroque
744 2296 814 2362 vita
848 2298 992 2362 nonnulli
1026 2299 1088 2363 loci
1128 2298 1180 2363 hic
1219 2304 1389 2380 ponantur.

224 2404 332 2484 Atque
362 2402 498 2484 primum
534 2401 659 2482 quidem
692 2422 721 2468 v.
753 2408 882 2467 56-59
919 2403 1201 2484 amplificationem
1237 2407 1395 2486 praebent

225 2528 375 2576 versuum
408 2508 683 2575 antecedentium:
719 2513 875 2575 anteeant
899 2527 981 2591 quae
1005 2509 1094 2591 leges
1118 2510 1207 2574 latae
1231 2510 1353 2574 fuerint
1378 2531 1397 2574 a

224 2618 385 2701 Lycurgo,
409 2615 541 2682 additur
564 2616 675 2682 fabula
699 2618 738 2682 de
762 2615 831 2680 eius
855 2615 999 2697 coniuge.
1041 2615 1121 2678 Tale
1146 2615 1222 2695 quid
1238 2614 1336 2677 etiam
1361 2615 1392 2678 iu
1443 2605 1446 2611 ’

222 2743 253 2790 v.
280 2729 409 2789 58-67
434 2723 521 2789 inest
544 2723 599 2806 qui
629 2742 743 2790 versus
767 2720 946 2804 respiciant
976 2722 1017 2786 ad
1041 2741 1071 2786 v.
1099 2726 1241 2785 36—39:
1273 2721 1394 2784 duobus

225 2830 310 2896 eninr
326 2830 405 2895 locis
422 2849 517 2912 quam
533 2830 619 2896 iuste
636 2848 708 2896 sese
720 2829 863 2912 gesserit
874 2830 1045 2910 Lycurgus
1057 2827 1274 2909 praedicatur,
1292 2825 1398 2906 priore

225 2936 294 3001 loco
317 2935 351 3001 in
367 2936 561 3019 universum,
585 2937 764 3018 posteriore
788 2935 967 3015 exemplum
983 2935 1080 2999 datur
1103 2933 1155 2999 vel
1179 2932 1397 2998 testimouium

223 3041 262 3107 cf.
288 3062 318 3109 v.
346 3048 386 3107 39
417 3036 501 3106 ὥστε
530 3042 585 3105 καὶ
616 3038 648 3106 ἐν
679 3052 747 3118 τοῖς
777 3040 992 3126 δικαστηρίοις
1021 3038 1059 3103 τὸ
1084 3048 1185 3126 φῆσαι
1218 3047 1402 3121 Λυκοῦργον

225 3145 326 3212 ἐδόκει
356 3147 507 3234 βοήθημα
531 3143 613 3212 εἶναι
642 3157 688 3232 τρὶ
713 3151 989 3233 συναγορευομένῳ
1021 3167 1091 3213 cum
1122 3154 1181 3212 67:
1221 3143 1402 3210 ἐπαινεῖται

227 3247 292 3319 ’ὑπὸ
322 3255 449 3319 ντολλεῡν
478 3253 534 3319 ἐντὶ
562 3263 608 3340 τεῇ
635 3259 797 3343 βοηθῆσαί
827 3280 893 3336 μοι.
941 3258 1010 3339 Quo
1040 3274 1192 3321 concesso
1216 3273 1245 3320 V.
1272 3259 1401 3317 36—39

228 3362 335 3444 priore
365 3368 476 3428 aetate
508 3363 647 3444 scriptus
677 3382 750 3428 esse
781 3363 986 3428 manifestum
1018 3368 1070 3428 est
1093 3361 1211 3443 quippe
1242 3360 1296 3442 qui
1322 3361 1403 3424 satis

229 3475 305 3552 apte
330 3471 371 3535 ad
395 3469 559 3552 ingenium
574 3469 638 3536 viri
661 3469 889 3535 illustrandum
914 3476 990 3550 apto
1013 3470 1082 3534 loco
1106 3469 1267 3550 legantur,
1292 3473 1406 3530 contra

229 3575 257 3639 si
287 3594 317 3641 v.
351 3582 481 3641 59—67
514 3575 738 3642 additamenta
770 3576 948 3658 posuimus,
980 3595 1010 3640 ν.
1037 3581 1078 3639 88
1108 3576 1148 3639 de
1176 3573 1302 3655 legibus
1333 3562 1404 3636 cou-

232 3681 380 3748 tinuatur
403 3701 485 3765 quae
509 3702 539 3748 v.
564 3688 606 3748 40
631 3683 813 3748 enumerari
836 3688 971 3763 coeptae
995 3686 1079 3746 sunt.

323 3791 449 3858 Deinde
473 3810 502 3856 v.
529 3797 681 3855 95-102
711 3789 923 3872 repetitiones
955 3788 1007 3853 vel
1038 3785 1306 3867 amplificationes
1335 3804 1407 3850 con-

228 3897 375 3962 tinentur
411 3898 451 3963 cf.
484 3917 513 3963 v.
545 3903 604 3962 95:
644 3896 767 3977 με’λλιυν
797 3894 827 3958 δὲ
857 3893 1056 3980 τελευτήσειν
1088 3942 1094 3955 .
1119 3941 1126 3954 .
1151 3941 1157 3954 .
1184 3941 1190 3954 .
1223 3884 1347 3965 οὐδενὸς
1378 3891 1409 3953 δὲ

222 4013 493 4090 κατηγορῆσαι
524 4001 807 4087 τολμήσοιντοαΙ
830 4000 930 4085 acido
954 4003 1234 4079 Μενεσαίχμου
1258 4018 1329 4063 cunr
1353 4004 1409 4061 83:

222 4100 460 4186 ἀποθανόντος
499 4101 527 4172 ὃ)
562 4101 660 4173 αὐτοῦ
695 4108 883 4193 παρέδωκαν
923 4105 996 4182 τοὺς
1030 4105 1148 4181 παῖδας
1176 4116 1245 4180 τοῖς
1273 4101 1307 4166 ια’
1341 4112 1372 4165 11
1380 4126 1412 4165 ε-

223 4220 443 4298 veccixpcoo
472 4215 547 4298 μὲν
577 4213 936 4303 κατηγορήσαντος.
983 4216 1032 4280 Ac
1054 4213 1191 4294 primum
1214 4211 1291 4276 ordo
1315 4209 1414 4274 mirus
