<?xml version="1.0" encoding="UTF-8"?>
<!DOCTYPE html PUBLIC "-//W3C//DTD XHTML 1.0 Transitional//EN"
    "http://www.w3.org/TR/xhtml1/DTD/xhtml1-transitional.dtd">
<html xmlns="http://www.w3.org/1999/xhtml" xml:lang="en" lang="en">
 <head>
  <title>
</title>
<meta http-equiv="Content-Type" content="text/html;charset=utf-8" />
  <meta name='ocr-system' content='tesseract 3.04.00' />
  <meta name='ocr-capabilities' content='ocr_page ocr_carea ocr_par ocr_line ocrx_word'/>
</head>
<body>
  <div class='ocr_page' id='page_1' title='image "./deplutarchiquae00prasgoog_0059.png"; bbox 0 0 2970 4746; ppageno 0'>
   <div class='ocr_carea' id='block_1_1' title="bbox 774 250 818 314">
    <p class='ocr_par' dir='ltr' id='par_1_1' title="bbox 774 250 818 314">
     <span class='ocr_line' id='line_1_1' title="bbox 774 250 818 314; baseline 0 0"><span class='ocrx_word' id='word_1_1' title='bbox 774 250 818 314; x_wconf 80' lang='lat'><strong><em>54</em></strong></span> 
     </span>
    </p>
   </div>
   <div class='ocr_carea' id='block_1_2' title="bbox 691 340 903 349">
    <p class='ocr_par' dir='ltr' id='par_1_2' title="bbox 691 340 903 349">
     <span class='ocr_line' id='line_1_2' title="bbox 691 340 903 349; baseline -0.005 -1"><span class='ocrx_word' id='word_1_2' title='bbox 691 340 903 349; x_wconf 57' lang='lat' dir='ltr'><strong><em>-m</em></strong></span> 
     </span>
    </p>
   </div>
   <div class='ocr_carea' id='block_1_3' title="bbox 284 453 1392 2364">
    <p class='ocr_par' dir='ltr' id='par_1_3' title="bbox 284 453 1392 2364">
     <span class='ocr_line' id='line_1_3' title="bbox 357 453 1390 547; baseline 0.002 -23"><span class='ocrx_word' id='word_1_3' title='bbox 357 469 409 524; x_wconf 77' lang='grc' dir='ltr'><strong><em>νῦν</em></strong></span> <span class='ocrx_word' id='word_1_4' title='bbox 431 458 558 536; x_wconf 82' lang='grc' dir='ltr'><strong><em>τούτοις</em></strong></span> <span class='ocrx_word' id='word_1_5' title='bbox 581 464 819 547; x_wconf 83' lang='grc' dir='ltr'><strong><em>πεπραμένον.“</em></strong></span> <span class='ocrx_word' id='word_1_6' title='bbox 866 453 994 546; x_wconf 82' lang='grc' dir='ltr'><strong><em>[ὡμίλει</em></strong></span> <span class='ocrx_word' id='word_1_7' title='bbox 1017 459 1049 524; x_wconf 85' lang='grc' dir='ltr'><strong><em>δὲ</em></strong></span> <span class='ocrx_word' id='word_1_8' title='bbox 1074 472 1142 536; x_wconf 89' lang='grc' dir='ltr'><strong><em>τοῖς</em></strong></span> <span class='ocrx_word' id='word_1_9' title='bbox 1169 461 1390 544; x_wconf 79' lang='grc' dir='ltr'><strong><em>βουλομένοις,</em></strong></span> 
     </span>
     <span class='ocr_line' id='line_1_4' title="bbox 354 564 1390 654; baseline 0.003 -24"><span class='ocrx_word' id='word_1_10' title='bbox 354 571 495 654; x_wconf 84' lang='grc' dir='ltr'><strong><em>χωρίσας</em></strong></span> <span class='ocrx_word' id='word_1_11' title='bbox 518 575 646 652; x_wconf 83' lang='grc' dir='ltr'><strong><em>πρῶτος</em></strong></span> <span class='ocrx_word' id='word_1_12' title='bbox 669 565 743 642; x_wconf 86' lang='grc' dir='ltr'><strong><em>τοδς</em></strong></span> <span class='ocrx_word' id='word_1_13' title='bbox 767 564 945 650; x_wconf 79' lang='grc' dir='ltr'><strong><em>ἐριστικούς</em></strong></span> <span class='ocrx_word' id='word_1_14' title='bbox 966 565 1080 651; x_wconf 78' lang='grc' dir='ltr'><strong><em>λόγους</em></strong></span> <span class='ocrx_word' id='word_1_15' title='bbox 1103 575 1167 631; x_wconf 89' lang='grc' dir='ltr'><strong><em>τῶν</em></strong></span> <span class='ocrx_word' id='word_1_16' title='bbox 1197 568 1390 645; x_wconf 72' lang='grc' dir='ltr'><strong><em>πολιτικῶν,</em></strong></span> 
     </span>
     <span class='ocr_line' id='line_1_5' title="bbox 356 665 1392 761; baseline 0.004 -25"><span class='ocrx_word' id='word_1_17' title='bbox 356 674 432 758; x_wconf 85' lang='grc' dir='ltr'><strong><em>περὶ</em></strong></span> <span class='ocrx_word' id='word_1_18' title='bbox 457 671 510 750; x_wconf 78' lang='grc' dir='ltr'><strong><em>οὓς</em></strong></span> <span class='ocrx_word' id='word_1_19' title='bbox 534 672 740 738; x_wconf 76' lang='grc' dir='ltr'><strong><em>ἐσπούδασεν.</em></strong></span> <span class='ocrx_word' id='word_1_20' title='bbox 787 673 841 736; x_wconf 90' lang='grc' dir='ltr'><strong><em>καὶ</em></strong></span> <span class='ocrx_word' id='word_1_21' title='bbox 865 665 963 759; x_wconf 84' lang='grc' dir='ltr'><strong><em>όρχὰς</em></strong></span> <span class='ocrx_word' id='word_1_22' title='bbox 986 673 1020 739; x_wconf 80' lang='grc' dir='ltr'><strong><em>δέ</em></strong></span> <span class='ocrx_word' id='word_1_23' title='bbox 1043 674 1098 738; x_wconf 89' lang='grc' dir='ltr'><strong><em>καὶ</em></strong></span> <span class='ocrx_word' id='word_1_24' title='bbox 1121 674 1203 759; x_wconf 82' lang='grc' dir='ltr'><strong><em>περὶ</em></strong></span> <span class='ocrx_word' id='word_1_25' title='bbox 1220 673 1277 761; x_wconf 82' lang='grc' dir='ltr'><strong><em>τὴν</em></strong></span> <span class='ocrx_word' id='word_1_26' title='bbox 1303 679 1392 740; x_wconf 87' lang='grc' dir='ltr'><strong><em>Χίον</em></strong></span> 
     </span>
     <span class='ocr_line' id='line_1_6' title="bbox 284 771 1392 867; baseline 0.003 -24"><span class='ocrx_word' id='word_1_27' title='bbox 284 784 325 844; x_wconf 84' lang='lat'><strong><em>35</em></strong></span> <span class='ocrx_word' id='word_1_28' title='bbox 354 784 527 865; x_wconf 83' lang='grc' dir='ltr'><strong><em>κατέστησε</em></strong></span> <span class='ocrx_word' id='word_1_29' title='bbox 550 779 678 867; x_wconf 79' lang='grc' dir='ltr'><strong><em>κοίτην</em></strong></span> <span class='ocrx_word' id='word_1_30' title='bbox 701 771 798 866; x_wconf 73' lang='grc' dir='ltr'><strong><em>αὐτὴν</em></strong></span> <span class='ocrx_word' id='word_1_31' title='bbox 821 787 859 865; x_wconf 80' lang='grc' dir='ltr'><strong><em>τῇ</em></strong></span> <span class='ocrx_word' id='word_1_32' title='bbox 875 779 1007 865; x_wconf 90' lang='grc' dir='ltr'><strong><em>πατρίδι</em></strong></span> <span class='ocrx_word' id='word_1_33' title='bbox 1023 780 1200 845; x_wconf 70' lang='grc' dir='ltr'><strong><em>πολιτείαν,</em></strong></span> <span class='ocrx_word' id='word_1_34' title='bbox 1231 771 1392 867; x_wconf 86' lang='grc' dir='ltr'><strong><em>άργύριόν</em></strong></span> 
     </span>
     <span class='ocr_line' id='line_1_7' title="bbox 357 877 1388 977; baseline 0.004 -29"><span class='ocrx_word' id='word_1_35' title='bbox 357 909 393 950; x_wconf 91' lang='grc' dir='ltr'><strong><em>τε</em></strong></span> <span class='ocrx_word' id='word_1_36' title='bbox 408 880 482 950; x_wconf 73' lang='grc' dir='ltr'><strong><em>ὅσον</em></strong></span> <span class='ocrx_word' id='word_1_37' title='bbox 499 878 601 962; x_wconf 74' lang='grc' dir='ltr'><strong><em>οὐδεὶς</em></strong></span> <span class='ocrx_word' id='word_1_38' title='bbox 616 894 784 973; x_wconf 79' lang='grc' dir='ltr'><strong><em>σοφιστῶν</em></strong></span> <span class='ocrx_word' id='word_1_39' title='bbox 796 877 981 972; x_wconf 74' lang='grc' dir='ltr'><strong><em>εὐπόρησεν,</em></strong></span> <span class='ocrx_word' id='word_1_40' title='bbox 1007 878 1050 962; x_wconf 84' lang='grc' dir='ltr'><strong><em>ῶς</em></strong></span> <span class='ocrx_word' id='word_1_41' title='bbox 1064 887 1119 950; x_wconf 82' lang='grc' dir='ltr'><strong><em>καὶ</em></strong></span> <span class='ocrx_word' id='word_1_42' title='bbox 1131 888 1388 977; x_wconf 78' lang='grc' dir='ltr'><strong><em>τριηραρχῆσαι].</em></strong></span> 
     </span>
     <span class='ocr_line' id='line_1_8' title="bbox 355 983 1389 1087; baseline 0.005 -32"><span class='ocrx_word' id='word_1_43' title='bbox 355 983 510 1078; x_wconf 85' lang='grc' dir='ltr'><strong><em>άκροαταί</em></strong></span> <span class='ocrx_word' id='word_1_44' title='bbox 528 986 556 1057; x_wconf 79' lang='grc' dir='ltr'><strong><em>δ’</em></strong></span> <span class='ocrx_word' id='word_1_45' title='bbox 571 985 668 1058; x_wconf 83' lang='grc' dir='ltr'><strong><em>αύτού</em></strong></span> <span class='ocrx_word' id='word_1_46' title='bbox 690 990 833 1077; x_wconf 78' lang='grc' dir='ltr'><strong><em>ἐγένοντο</em></strong></span> <span class='ocrx_word' id='word_1_47' title='bbox 856 991 903 1068; x_wconf 88' lang='grc' dir='ltr'><strong><em>είς</em></strong></span> <span class='ocrx_word' id='word_1_48' title='bbox 918 991 946 1078; x_wconf 88' lang='grc' dir='ltr'><strong><em>ρ’</em></strong></span> <span class='ocrx_word' id='word_1_49' title='bbox 962 986 1053 1057; x_wconf 75' lang='grc' dir='ltr'><strong><em>ἄλλοι</em></strong></span> <span class='ocrx_word' id='word_1_50' title='bbox 1066 1016 1104 1087; x_wconf 86' lang='grc' dir='ltr'><strong><em>τε</em></strong></span> <span class='ocrx_word' id='word_1_51' title='bbox 1119 993 1235 1058; x_wconf 86' lang='grc' dir='ltr'><strong><em>πολλοὶ</em></strong></span> <span class='ocrx_word' id='word_1_52' title='bbox 1250 995 1306 1058; x_wconf 89' lang='grc' dir='ltr'><strong><em>καὶ</em></strong></span> <span class='ocrx_word' id='word_1_53' title='bbox 1329 1004 1389 1060; x_wconf 86' lang='grc' dir='ltr'><strong><em>Τι-</em></strong></span> 
     </span>
     <span class='ocr_line' id='line_1_9' title="bbox 356 1088 1388 1188; baseline 0.003 -25"><span class='ocrx_word' id='word_1_54' title='bbox 356 1097 481 1180; x_wconf 81' lang='grc' dir='ltr'><strong><em>μόθεος</em></strong></span> <span class='ocrx_word' id='word_1_55' title='bbox 505 1092 522 1163; x_wconf 84' lang='grc' dir='ltr'><strong><em>δ</em></strong></span> <span class='ocrx_word' id='word_1_56' title='bbox 545 1098 701 1177; x_wconf 86' lang='grc' dir='ltr'><strong><em>Κόνωνος,</em></strong></span> <span class='ocrx_word' id='word_1_57' title='bbox 733 1098 791 1164; x_wconf 90' lang='grc' dir='ltr'><strong><em>σδν</em></strong></span> <span class='ocrx_word' id='word_1_58' title='bbox 814 1088 840 1184; x_wconf 78' lang='grc' dir='ltr'><em>ᾧ</em></span> <span class='ocrx_word' id='word_1_59' title='bbox 871 1099 925 1163; x_wconf 86' lang='grc' dir='ltr'><strong><em>καὶ</em></strong></span> <span class='ocrx_word' id='word_1_60' title='bbox 953 1097 1075 1176; x_wconf 75' lang='grc' dir='ltr'><strong><em>πολλάς</em></strong></span> <span class='ocrx_word' id='word_1_61' title='bbox 1105 1097 1218 1176; x_wconf 87' lang='grc' dir='ltr'><strong><em>πόλεις</em></strong></span> <span class='ocrx_word' id='word_1_62' title='bbox 1247 1097 1388 1188; x_wconf 81' lang='grc' dir='ltr'><strong><em>έπηλθε,</em></strong></span> 
     </span>
     <span class='ocr_line' id='line_1_10' title="bbox 357 1198 1390 1294; baseline 0.005 -25"><span class='ocrx_word' id='word_1_63' title='bbox 357 1207 523 1283; x_wconf 81' lang='grc' dir='ltr'><strong><em>συντιθεὶς</em></strong></span> <span class='ocrx_word' id='word_1_64' title='bbox 538 1205 596 1284; x_wconf 86' lang='grc' dir='ltr'><strong><em>τάς</em></strong></span> <span class='ocrx_word' id='word_1_65' title='bbox 612 1205 693 1293; x_wconf 84' lang='grc' dir='ltr'><strong><em>πρὸς</em></strong></span> <span class='ocrx_word' id='word_1_66' title='bbox 700 1199 888 1294; x_wconf 61' lang='grc' dir='ltr'><strong><em>Ἀθηναίους</em></strong></span> <span class='ocrx_word' id='word_1_67' title='bbox 907 1198 973 1272; x_wconf 82' lang='grc' dir='ltr'><strong><em>ύπδ</em></strong></span> <span class='ocrx_word' id='word_1_68' title='bbox 993 1212 1156 1289; x_wconf 83' lang='grc' dir='ltr'><strong><em>Τιμοθέου</em></strong></span> <span class='ocrx_word' id='word_1_69' title='bbox 1172 1213 1390 1290; x_wconf 78' lang='grc' dir='ltr'><strong><em>πεμπομένας</em></strong></span> 
     </span>
     <span class='ocr_line' id='line_1_11' title="bbox 284 1306 1390 1404; baseline 0.001 -25"><span class='ocrx_word' id='word_1_70' title='bbox 284 1318 327 1379; x_wconf 77' lang='grc'><strong><em>40</em></strong></span> <span class='ocrx_word' id='word_1_71' title='bbox 357 1311 540 1391; x_wconf 79' lang='grc' dir='ltr'><strong><em>ἐπιστολάς,</em></strong></span> <span class='ocrx_word' id='word_1_72' title='bbox 565 1308 645 1378; x_wconf 72' lang='grc' dir='ltr'><strong><em>ὅθεν</em></strong></span> <span class='ocrx_word' id='word_1_73' title='bbox 676 1312 857 1401; x_wconf 74' lang='grc' dir='ltr'><strong><em>ἐδωρήσατο</em></strong></span> <span class='ocrx_word' id='word_1_74' title='bbox 892 1306 979 1400; x_wconf 73' lang='grc' dir='ltr'><strong><em>αύτῷ</em></strong></span> <span class='ocrx_word' id='word_1_75' title='bbox 1014 1315 1169 1381; x_wconf 87' lang='grc' dir='ltr'><strong><em>τάλαντον</em></strong></span> <span class='ocrx_word' id='word_1_76' title='bbox 1204 1315 1283 1404; x_wconf 79' lang='grc' dir='ltr'><strong><em>[τῶν</em></strong></span> <span class='ocrx_word' id='word_1_77' title='bbox 1316 1308 1390 1381; x_wconf 77' lang='grc' dir='ltr'><strong><em>άπὸ</em></strong></span> 
     </span>
     <span class='ocr_line' id='line_1_12' title="bbox 358 1413 1388 1509; baseline 0.003 -26"><span class='ocrx_word' id='word_1_78' title='bbox 358 1419 466 1502; x_wconf 83' lang='grc' dir='ltr'><strong><em>Σάμου</em></strong></span> <span class='ocrx_word' id='word_1_79' title='bbox 478 1420 754 1509; x_wconf 80' lang='grc' dir='ltr'><strong><em>περιγενομένων].</em></strong></span> <span class='ocrx_word' id='word_1_80' title='bbox 774 1418 977 1507; x_wconf 76' lang='grc' dir='ltr'><strong><em>ἐμαθήτευσε</em></strong></span> <span class='ocrx_word' id='word_1_81' title='bbox 989 1413 1017 1485; x_wconf 84' lang='grc' dir='ltr'><strong><em>δ</em></strong></span> <span class='ocrx_word' id='word_1_82' title='bbox 1030 1414 1116 1507; x_wconf 63' lang='grc' dir='ltr'><strong><em>αύτηῖ</em></strong></span> <span class='ocrx_word' id='word_1_83' title='bbox 1127 1422 1151 1509; x_wconf 85' lang='lat'><strong><em>¹)</em></strong></span> <span class='ocrx_word' id='word_1_84' title='bbox 1164 1422 1219 1487; x_wconf 84' lang='grc' dir='ltr'><strong><em>καὶ</em></strong></span> <span class='ocrx_word' id='word_1_85' title='bbox 1235 1421 1388 1504; x_wconf 83' lang='grc' dir='ltr'><strong><em>θεόπομ-</em></strong></span> 
     </span>
     <span class='ocr_line' id='line_1_13' title="bbox 359 1519 1389 1616; baseline 0.003 -26"><span class='ocrx_word' id='word_1_86' title='bbox 359 1550 421 1604; x_wconf 89' lang='grc' dir='ltr'><strong><em>πος</em></strong></span> <span class='ocrx_word' id='word_1_87' title='bbox 436 1519 453 1589; x_wconf 85' lang='grc' dir='ltr'><strong><em>δ</em></strong></span> <span class='ocrx_word' id='word_1_88' title='bbox 470 1534 552 1604; x_wconf 85' lang='grc' dir='ltr'><strong><em>Χῖος</em></strong></span> <span class='ocrx_word' id='word_1_89' title='bbox 567 1520 769 1614; x_wconf 80' lang='grc' dir='ltr'><strong><em>καὶἚφορος</em></strong></span> <span class='ocrx_word' id='word_1_90' title='bbox 781 1521 798 1591; x_wconf 84' lang='grc' dir='ltr'><strong>ὁ</strong></span> <span class='ocrx_word' id='word_1_91' title='bbox 814 1537 959 1609; x_wconf 86' lang='grc' dir='ltr'><strong><em>Κυμαῖος</em></strong></span> <span class='ocrx_word' id='word_1_92' title='bbox 966 1526 992 1614; x_wconf 71' lang='lat'><strong><em>²)</em></strong></span> <span class='ocrx_word' id='word_1_93' title='bbox 1009 1530 1063 1593; x_wconf 85' lang='grc' dir='ltr'><strong><em>καὶ</em></strong></span> <span class='ocrx_word' id='word_1_94' title='bbox 1070 1521 1328 1616; x_wconf 65' lang='grc' dir='ltr'><strong><em>Ξίσκληπιάδηςδ</em></strong></span> <span class='ocrx_word' id='word_1_95' title='bbox 1345 1528 1389 1594; x_wconf 82' lang='grc' dir='ltr'><strong><em>τὰ</em></strong></span> 
     </span>
     <span class='ocr_line' id='line_1_14' title="bbox 358 1627 1390 1724; baseline 0.004 -28"><span class='ocrx_word' id='word_1_96' title='bbox 358 1632 602 1719; x_wconf 74' lang='grc' dir='ltr'><strong><em>τραγῳδούμενα</em></strong></span> <span class='ocrx_word' id='word_1_97' title='bbox 636 1634 828 1722; x_wconf 76' lang='grc' dir='ltr'><strong><em>συγγράψας</em></strong></span> <span class='ocrx_word' id='word_1_98' title='bbox 864 1634 918 1698; x_wconf 91' lang='grc' dir='ltr'><strong><em>καὶ</em></strong></span> <span class='ocrx_word' id='word_1_99' title='bbox 956 1634 1125 1722; x_wconf 78' lang='grc' dir='ltr'><strong><em>θεοδέκτης</em></strong></span> <span class='ocrx_word' id='word_1_100' title='bbox 1157 1627 1174 1698; x_wconf 85' lang='grc' dir='ltr'><strong><em>δ</em></strong></span> <span class='ocrx_word' id='word_1_101' title='bbox 1205 1637 1390 1724; x_wconf 82' lang='grc' dir='ltr'><strong><em>Φασηλίτης</em></strong></span> 
     </span>
     <span class='ocr_line' id='line_1_15' title="bbox 359 1732 1388 1830; baseline 0.004 -27"><span class='ocrx_word' id='word_1_102' title='bbox 359 1733 376 1803; x_wconf 82' lang='grc' dir='ltr'><strong><em>ό</em></strong></span> <span class='ocrx_word' id='word_1_103' title='bbox 398 1738 456 1816; x_wconf 83' lang='grc' dir='ltr'><strong><em>τὰς</em></strong></span> <span class='ocrx_word' id='word_1_104' title='bbox 479 1741 657 1827; x_wconf 80' lang='grc' dir='ltr'><strong><em>τραγῳδίας</em></strong></span> <span class='ocrx_word' id='word_1_105' title='bbox 678 1736 810 1828; x_wconf 70' lang='grc' dir='ltr'><strong><em>ὕστερον</em></strong></span> <span class='ocrx_word' id='word_1_106' title='bbox 833 1739 964 1827; x_wconf 76' lang='grc' dir='ltr'><strong><em>γράψεις</em></strong></span> <span class='ocrx_word' id='word_1_107' title='bbox 989 1732 1037 1829; x_wconf 79' lang='grc' dir='ltr'><strong><em>[οὗ</em></strong></span> <span class='ocrx_word' id='word_1_108' title='bbox 1056 1741 1124 1807; x_wconf 85' lang='grc' dir='ltr'><strong><em>έστι</em></strong></span> <span class='ocrx_word' id='word_1_109' title='bbox 1140 1741 1178 1807; x_wconf 84' lang='grc' dir='ltr'><strong><em>τὸ</em></strong></span> <span class='ocrx_word' id='word_1_110' title='bbox 1200 1751 1310 1830; x_wconf 80' lang='grc' dir='ltr'><strong><em>μνῆμα</em></strong></span> <span class='ocrx_word' id='word_1_111' title='bbox 1327 1741 1388 1808; x_wconf 76' lang='grc' dir='ltr'><strong><em>ἐπὶ.</em></strong></span> 
     </span>
     <span class='ocr_line' id='line_1_16' title="bbox 285 1843 1389 1936; baseline 0.002 -22"><span class='ocrx_word' id='word_1_112' title='bbox 285 1852 327 1914; x_wconf 83' lang='lat'><strong><em>45</em></strong></span> <span class='ocrx_word' id='word_1_113' title='bbox 356 1845 411 1914; x_wconf 82' lang='grc' dir='ltr'><strong><em>τόν</em></strong></span> <span class='ocrx_word' id='word_1_114' title='bbox 449 1853 613 1933; x_wconf 73' lang='grc' dir='ltr'><strong><em>Κυαμίτου</em></strong></span> <span class='ocrx_word' id='word_1_115' title='bbox 647 1853 874 1934; x_wconf 81' lang='grc' dir='ltr'><strong><em>πορευομένοις</em></strong></span> <span class='ocrx_word' id='word_1_116' title='bbox 902 1848 983 1913; x_wconf 84' lang='grc' dir='ltr'><strong><em>κατὰ</em></strong></span> <span class='ocrx_word' id='word_1_117' title='bbox 1017 1849 1073 1936; x_wconf 83' lang='grc' dir='ltr'><strong><em>τὴν</em></strong></span> <span class='ocrx_word' id='word_1_118' title='bbox 1102 1848 1190 1936; x_wconf 80' lang='grc' dir='ltr'><strong><em>ἱεράν</em></strong></span> <span class='ocrx_word' id='word_1_119' title='bbox 1220 1843 1292 1915; x_wconf 81' lang='grc' dir='ltr'><strong><em>ὁδὸν</em></strong></span> <span class='ocrx_word' id='word_1_120' title='bbox 1328 1850 1389 1936; x_wconf 80' lang='grc' dir='ltr'><strong><em>τὴν</em></strong></span> 
     </span>
     <span class='ocr_line' id='line_1_17' title="bbox 359 1947 1389 2042; baseline 0.003 -24"><span class='ocrx_word' id='word_1_121' title='bbox 359 1947 412 2019; x_wconf 74' lang='grc' dir='ltr'><strong><em>ἐπ’</em></strong></span> <span class='ocrx_word' id='word_1_122' title='bbox 435 1947 605 2033; x_wconf 76' lang='grc' dir='ltr'><strong><em>Ἐλευσῖνα,</em></strong></span> <span class='ocrx_word' id='word_1_123' title='bbox 641 1964 735 2021; x_wconf 84' lang='grc' dir='ltr'><strong><em>τανῦν</em></strong></span> <span class='ocrx_word' id='word_1_124' title='bbox 771 1961 1068 2042; x_wconf 87' lang='grc' dir='ltr'><strong><em>κατερηρειμμένον,</em></strong></span> <span class='ocrx_word' id='word_1_125' title='bbox 1106 1953 1188 2022; x_wconf 79' lang='grc' dir='ltr'><strong><em>’ένθα</em></strong></span> <span class='ocrx_word' id='word_1_126' title='bbox 1222 1957 1276 2021; x_wconf 89' lang='grc' dir='ltr'><strong><em>καὶ</em></strong></span> <span class='ocrx_word' id='word_1_127' title='bbox 1309 1955 1389 2034; x_wconf 78' lang='grc' dir='ltr'><strong><em>τοὺς</em></strong></span> 
     </span>
     <span class='ocr_line' id='line_1_18' title="bbox 359 2052 1389 2152; baseline 0.002 -26"><span class='ocrx_word' id='word_1_128' title='bbox 359 2058 500 2139; x_wconf 77' lang='grc' dir='ltr'><strong><em>ἐνδόξους</em></strong></span> <span class='ocrx_word' id='word_1_129' title='bbox 518 2070 582 2127; x_wconf 89' lang='grc' dir='ltr'><strong><em>τῶν</em></strong></span> <span class='ocrx_word' id='word_1_130' title='bbox 598 2071 742 2149; x_wconf 79' lang='grc' dir='ltr'><strong><em>ποιητῶν</em></strong></span> <span class='ocrx_word' id='word_1_131' title='bbox 757 2054 929 2149; x_wconf 86' lang='grc' dir='ltr'><strong><em>άνέστησεν</em></strong></span> <span class='ocrx_word' id='word_1_132' title='bbox 950 2062 1007 2127; x_wconf 85' lang='grc' dir='ltr'><strong><em>σδυ</em></strong></span> <span class='ocrx_word' id='word_1_133' title='bbox 1031 2055 1128 2150; x_wconf 73' lang='grc' dir='ltr'><strong><em>αότηῖ,</em></strong></span> <span class='ocrx_word' id='word_1_134' title='bbox 1154 2052 1198 2127; x_wconf 87' lang='grc' dir='ltr'><strong><em>ὧν</em></strong></span> <span class='ocrx_word' id='word_1_135' title='bbox 1209 2058 1344 2152; x_wconf 47' lang='grc' dir='ltr'><strong><em>(Όμηρος</em></strong></span> <span class='ocrx_word' id='word_1_136' title='bbox 1370 2057 1389 2128; x_wconf 83' lang='grc' dir='ltr'><strong><em>ό</em></strong></span> 
     </span>
     <span class='ocr_line' id='line_1_19' title="bbox 358 2160 1388 2256; baseline 0.002 -24"><span class='ocrx_word' id='word_1_137' title='bbox 358 2166 492 2256; x_wconf 78' lang='grc' dir='ltr'><strong><em>ποιητὴς</em></strong></span> <span class='ocrx_word' id='word_1_138' title='bbox 514 2167 651 2248; x_wconf 85' lang='grc' dir='ltr'><strong><em>σώζεται</em></strong></span> <span class='ocrx_word' id='word_1_139' title='bbox 669 2167 791 2256; x_wconf 59' lang='grc' dir='ltr'><strong><em>μόνοςδ,</em></strong></span> <span class='ocrx_word' id='word_1_140' title='bbox 812 2167 992 2251; x_wconf 89' lang='grc' dir='ltr'><strong><em>Λεωδάμας</em></strong></span> <span class='ocrx_word' id='word_1_141' title='bbox 1007 2160 1036 2232; x_wconf 78' lang='grc' dir='ltr'><strong><em>τ’</em></strong></span> <span class='ocrx_word' id='word_1_142' title='bbox 1050 2161 1219 2255; x_wconf 62' lang='grc' dir='ltr'><strong><em>Ἀθηναῖος</em></strong></span> <span class='ocrx_word' id='word_1_143' title='bbox 1239 2171 1294 2234; x_wconf 88' lang='grc' dir='ltr'><strong><em>καὶ</em></strong></span> <span class='ocrx_word' id='word_1_144' title='bbox 1310 2169 1388 2236; x_wconf 88' lang='grc' dir='ltr'><strong><em>Λά-</em></strong></span> 
     </span>
     <span class='ocr_line' id='line_1_20' title="bbox 360 2267 1389 2364; baseline 0.004 -27"><span class='ocrx_word' id='word_1_145' title='bbox 360 2297 466 2360; x_wconf 83' lang='grc' dir='ltr'><strong><em>κριτος</em></strong></span> <span class='ocrx_word' id='word_1_146' title='bbox 504 2275 521 2312; x_wconf 86' lang='grc'>*</span> <span class='ocrx_word' id='word_1_147' title='bbox 560 2267 577 2338; x_wconf 84' lang='grc' dir='ltr'><strong><em>ό</em></strong></span> <span class='ocrx_word' id='word_1_148' title='bbox 609 2279 788 2362; x_wconf 83' lang='grc' dir='ltr'><strong><em>νομοθέτης</em></strong></span> <span class='ocrx_word' id='word_1_149' title='bbox 814 2267 1012 2362; x_wconf 69' lang='grc' dir='ltr'><strong><em>Ῑιίθηναίυις,</em></strong></span> <span class='ocrx_word' id='word_1_150' title='bbox 1046 2268 1090 2351; x_wconf 82' lang='grc' dir='ltr'><strong><em>ῶς</em></strong></span> <span class='ocrx_word' id='word_1_151' title='bbox 1120 2275 1153 2338; x_wconf 87' lang='grc' dir='ltr'><strong><em>δέ</em></strong></span> <span class='ocrx_word' id='word_1_152' title='bbox 1184 2278 1268 2352; x_wconf 85' lang='grc' dir='ltr'><strong><em>τινές</em></strong></span> <span class='ocrx_word' id='word_1_153' title='bbox 1301 2298 1389 2364; x_wconf 77' lang='grc' dir='ltr'><strong><em>φασι</em></strong></span> 
     </span>
    </p>
   </div>
   <div class='ocr_carea' id='block_1_4' title="bbox 288 2373 1392 2896">
    <p class='ocr_par' dir='ltr' id='par_1_4' title="bbox 288 2373 1392 2896">
     <span class='ocr_line' id='line_1_21' title="bbox 288 2373 1389 2471; baseline 0.001 -24"><span class='ocrx_word' id='word_1_154' title='bbox 288 2387 329 2447; x_wconf 86' lang='grc'><strong><em>50</em></strong></span> <span class='ocrx_word' id='word_1_155' title='bbox 357 2385 412 2444; x_wconf 85' lang='grc' dir='ltr'><strong><em>καί</em></strong></span> <span class='ocrx_word' id='word_1_156' title='bbox 433 2373 612 2467; x_wconf 73' lang='grc' dir='ltr'><strong><em>Ὑπερείδης</em></strong></span> <span class='ocrx_word' id='word_1_157' title='bbox 635 2383 689 2446; x_wconf 60' lang='grc' dir='ltr'><strong><em>καὶ»</em></strong></span> <span class='ocrx_word' id='word_1_158' title='bbox 712 2374 835 2458; x_wconf 82' lang='grc' dir='ltr'><strong><em>Ἰσαῖος.</em></strong></span> <span class='ocrx_word' id='word_1_159' title='bbox 877 2381 903 2467; x_wconf 74' lang='grc'><strong><em>3)</em></strong></span> <span class='ocrx_word' id='word_1_160' title='bbox 911 2383 965 2446; x_wconf 91' lang='grc' dir='ltr'><strong><em>καὶ</em></strong></span> <span class='ocrx_word' id='word_1_161' title='bbox 982 2386 1195 2468; x_wconf 69' lang='grc' dir='ltr'><strong><em>Δημοσθένην</em></strong></span> <span class='ocrx_word' id='word_1_162' title='bbox 1211 2374 1239 2445; x_wconf 73' lang='grc' dir='ltr'><strong><em>δ’</em></strong></span> <span class='ocrx_word' id='word_1_163' title='bbox 1255 2380 1304 2447; x_wconf 83' lang='grc' dir='ltr'><strong><em>ἐ’τι</em></strong></span> <span class='ocrx_word' id='word_1_164' title='bbox 1327 2384 1389 2471; x_wconf 87' lang='grc' dir='ltr'><strong><em>ῥη-</em></strong></span> 
     </span>
     <span class='ocr_line' id='line_1_22' title="bbox 360 2479 1388 2575; baseline 0.004 -25"><span class='ocrx_word' id='word_1_165' title='bbox 360 2485 522 2574; x_wconf 88' lang='grc' dir='ltr'><strong><em>τορεύοντί</em></strong></span> <span class='ocrx_word' id='word_1_166' title='bbox 558 2508 641 2575; x_wconf 80' lang='grc' dir='ltr'><strong><em>φασι</em></strong></span> <span class='ocrx_word' id='word_1_167' title='bbox 676 2487 757 2570; x_wconf 82' lang='grc' dir='ltr'><strong><em>μετὰ</em></strong></span> <span class='ocrx_word' id='word_1_168' title='bbox 794 2487 935 2575; x_wconf 76' lang='grc' dir='ltr'><strong><em>σπουδῆς</em></strong></span> <span class='ocrx_word' id='word_1_169' title='bbox 970 2489 1167 2574; x_wconf 87' lang='grc' dir='ltr'><strong><em>προσελθεῖν</em></strong></span> <span class='ocrx_word' id='word_1_170' title='bbox 1206 2479 1292 2574; x_wconf 71' lang='grc' dir='ltr'><strong><em>αὕτη)</em></strong></span> <span class='ocrx_word' id='word_1_171' title='bbox 1330 2491 1388 2554; x_wconf 82' lang='grc' dir='ltr'><strong><em>καὶ</em></strong></span> 
     </span>
     <span class='ocr_line' id='line_1_23' title="bbox 357 2587 1390 2683; baseline 0.002 -26"><span class='ocrx_word' id='word_1_172' title='bbox 357 2594 463 2676; x_wconf 86' lang='grc' dir='ltr'><strong><em>χιλίας</em></strong></span> <span class='ocrx_word' id='word_1_173' title='bbox 494 2593 552 2675; x_wconf 77' lang='grc' dir='ltr'><strong><em>μὲν</em></strong></span> <span class='ocrx_word' id='word_1_174' title='bbox 590 2592 630 2671; x_wconf 76' lang='grc' dir='ltr'><strong><em>ἃς</em></strong></span> <span class='ocrx_word' id='word_1_175' title='bbox 675 2594 904 2681; x_wconf 85' lang='grc' dir='ltr'><strong><em>εἰσεπράττετο</em></strong></span> <span class='ocrx_word' id='word_1_176' title='bbox 944 2587 1000 2660; x_wconf 87' lang='grc' dir='ltr'><strong><em>ούκ</em></strong></span> <span class='ocrx_word' id='word_1_177' title='bbox 1044 2592 1126 2676; x_wconf 81' lang='grc' dir='ltr'><strong><em>ἐ’χειν</em></strong></span> <span class='ocrx_word' id='word_1_178' title='bbox 1174 2593 1275 2683; x_wconf 81' lang='grc' dir='ltr'><strong><em>φάναι</em></strong></span> <span class='ocrx_word' id='word_1_179' title='bbox 1318 2621 1390 2660; x_wconf 90' lang='grc' dir='ltr'><strong><em>πα-</em></strong></span> 
     </span>
     <span class='ocr_line' id='line_1_24' title="bbox 361 2692 1392 2790; baseline 0.002 -25"><span class='ocrx_word' id='word_1_180' title='bbox 361 2712 501 2787; x_wconf 88' lang='grc' dir='ltr'><strong><em>ρασχεῖν,</em></strong></span> <span class='ocrx_word' id='word_1_181' title='bbox 538 2702 703 2780; x_wconf 85' lang='grc' dir='ltr'><strong><em>διακοσίας</em></strong></span> <span class='ocrx_word' id='word_1_182' title='bbox 738 2702 770 2767; x_wconf 79' lang='grc' dir='ltr'><strong><em>δὲ</em></strong></span> <span class='ocrx_word' id='word_1_183' title='bbox 804 2700 919 2767; x_wconf 82' lang='grc' dir='ltr'><strong><em>δαίσειν</em></strong></span> <span class='ocrx_word' id='word_1_184' title='bbox 947 2695 1001 2790; x_wconf 76' lang='grc' dir='ltr'><strong><em>ἐφ’</em></strong></span> <span class='ocrx_word' id='word_1_185' title='bbox 1035 2692 1060 2787; x_wconf 73' lang='grc' dir='ltr'><strong><em>ηδ</em></strong></span> <span class='ocrx_word' id='word_1_186' title='bbox 1095 2725 1130 2767; x_wconf 86' lang='grc' dir='ltr'><strong><em>τε</em></strong></span> <span class='ocrx_word' id='word_1_187' title='bbox 1164 2700 1201 2767; x_wconf 88' lang='grc' dir='ltr'><strong><em>τὸ</em></strong></span> <span class='ocrx_word' id='word_1_188' title='bbox 1235 2706 1392 2785; x_wconf 79' lang='grc' dir='ltr'><strong><em>πέμπτον</em></strong></span> 
     </span>
     <span class='ocr_line' id='line_1_25' title="bbox 359 2801 1388 2896; baseline 0.003 -24"><span class='ocrx_word' id='word_1_189' title='bbox 359 2812 455 2893; x_wconf 84' lang='grc' dir='ltr'><strong><em>μέρος</em></strong></span> <span class='ocrx_word' id='word_1_190' title='bbox 471 2807 636 2890; x_wconf 75' lang='grc' dir='ltr'><strong><em>ἐκμαθεῖν,</em></strong></span> <span class='ocrx_word' id='word_1_191' title='bbox 660 2808 715 2875; x_wconf 85' lang='grc' dir='ltr'><strong><em>τόν</em></strong></span> <span class='ocrx_word' id='word_1_192' title='bbox 730 2802 758 2873; x_wconf 76' lang='grc' dir='ltr'><strong><em>δ’</em></strong></span> <span class='ocrx_word' id='word_1_193' title='bbox 775 2802 1019 2896; x_wconf 78' lang='grc' dir='ltr'><strong><em>ιῖποκρίνασθαι</em></strong></span> <span class='ocrx_word' id='word_1_194' title='bbox 1033 2802 1077 2885; x_wconf 83' lang='grc' dir='ltr'><strong><em>ῶς</em></strong></span> <span class='ocrx_word' id='word_1_195' title='bbox 1089 2801 1148 2886; x_wconf 61' lang='grc' dir='ltr'><strong><em>,οὗ</em></strong></span> <span class='ocrx_word' id='word_1_196' title='bbox 1165 2807 1388 2891; x_wconf 82' lang='grc' dir='ltr'><strong><em>τεμαχίζομεν,</em></strong></span> 
     </span>
    </p>
   </div>
   <div class='ocr_carea' id='block_1_5' title="bbox 289 2911 1393 4292">
    <p class='ocr_par' dir='ltr' id='par_1_5' title="bbox 362 2911 1392 3003">
     <span class='ocr_line' id='line_1_26' title="bbox 362 2911 1392 3003; baseline 0.003 -26"><span class='ocrx_word' id='word_1_197' title='bbox 362 2914 388 2978; x_wconf 78' lang='grc' dir='ltr'><strong><em>(ό</em></strong></span> <span class='ocrx_word' id='word_1_198' title='bbox 413 2915 629 3001; x_wconf 81' lang='grc' dir='ltr'><strong><em>Δημόσθενες,</em></strong></span> <span class='ocrx_word' id='word_1_199' title='bbox 655 2916 710 3003; x_wconf 76' lang='grc' dir='ltr'><strong><em>τὴν</em></strong></span> <span class='ocrx_word' id='word_1_200' title='bbox 736 2921 970 3003; x_wconf 83' lang='grc' dir='ltr'><strong><em>πραγματείαν,</em></strong></span> <span class='ocrx_word' id='word_1_201' title='bbox 994 2911 1105 3002; x_wconf 76' lang='grc' dir='ltr'><strong><em>ὥσπερ</em></strong></span> <span class='ocrx_word' id='word_1_202' title='bbox 1127 2914 1160 2980; x_wconf 79' lang='grc' dir='ltr'><strong><em>δὲ</em></strong></span> <span class='ocrx_word' id='word_1_203' title='bbox 1175 2913 1249 2991; x_wconf 79' lang='grc' dir='ltr'><strong><em>τοὺς</em></strong></span> <span class='ocrx_word' id='word_1_204' title='bbox 1271 2914 1392 2993; x_wconf 83' lang='grc' dir='ltr'><strong><em>καλοδς</em></strong></span> 
     </span>
    </p>

    <p class='ocr_par' dir='ltr' id='par_1_6' title="bbox 289 3016 1392 3539">
     <span class='ocr_line' id='line_1_27' title="bbox 289 3016 1390 3110; baseline -0.002 -22"><span class='ocrx_word' id='word_1_205' title='bbox 289 3028 329 3088; x_wconf 83' lang='grc'><strong><em>55</em></strong></span> <span class='ocrx_word' id='word_1_206' title='bbox 359 3021 454 3102; x_wconf 78' lang='grc' dir='ltr'><strong><em>ἰχθύς</em></strong></span> <span class='ocrx_word' id='word_1_207' title='bbox 470 3017 560 3101; x_wconf 83' lang='grc' dir='ltr'><strong><em>δλους</em></strong></span> <span class='ocrx_word' id='word_1_208' title='bbox 574 3025 752 3105; x_wconf 79' lang='grc' dir='ltr'><strong><em>πωλῶμεν,</em></strong></span> <span class='ocrx_word' id='word_1_209' title='bbox 778 3019 861 3087; x_wconf 81' lang='grc' dir='ltr'><strong><em>ούτω</em></strong></span> <span class='ocrx_word' id='word_1_210' title='bbox 885 3016 974 3107; x_wconf 84' lang='grc' dir='ltr'><strong><em>κάγιό</em></strong></span> <span class='ocrx_word' id='word_1_211' title='bbox 999 3043 1061 3100; x_wconf 91' lang='grc' dir='ltr'><strong><em>σοι,</em></strong></span> <span class='ocrx_word' id='word_1_212' title='bbox 1086 3022 1115 3087; x_wconf 84' lang='grc' dir='ltr'><strong><em>εἰ</em></strong></span> <span class='ocrx_word' id='word_1_213' title='bbox 1130 3021 1259 3106; x_wconf 75' lang='grc' dir='ltr'><strong><em>βούλοιο</em></strong></span> <span class='ocrx_word' id='word_1_214' title='bbox 1273 3027 1390 3110; x_wconf 83' lang='grc' dir='ltr'><strong><em>μαθη-</em></strong></span> 
     </span>
     <span class='ocr_line' id='line_1_28' title="bbox 361 3123 1391 3219; baseline -0.001 -26"><span class='ocrx_word' id='word_1_215' title='bbox 361 3129 474 3208; x_wconf 86' lang='grc' dir='ltr'><strong><em>τεύειν,</em></strong></span> <span class='ocrx_word' id='word_1_216' title='bbox 500 3124 665 3219; x_wconf 74' lang='grc' dir='ltr'><strong><em>ὁλόκληρον</em></strong></span> <span class='ocrx_word' id='word_1_217' title='bbox 682 3126 897 3214; x_wconf 79' lang='grc' dir='ltr'><strong><em>άπυδιύσομαι</em></strong></span> <span class='ocrx_word' id='word_1_218' title='bbox 913 3130 969 3218; x_wconf 84' lang='grc' dir='ltr'><strong><em>τὴν</em></strong></span> <span class='ocrx_word' id='word_1_219' title='bbox 986 3136 1126 3218; x_wconf 82' lang='grc' dir='ltr'><strong><em>τέγνην.“</em></strong></span> <span class='ocrx_word' id='word_1_220' title='bbox 1159 3130 1186 3217; x_wconf 69' lang='lat'><strong><em>⁴)</em></strong></span> <span class='ocrx_word' id='word_1_221' title='bbox 1195 3126 1343 3195; x_wconf 74' lang='grc' dir='ltr'><strong><em>ἐτελεύτα</em></strong></span> <span class='ocrx_word' id='word_1_222' title='bbox 1361 3123 1391 3193; x_wconf 78' lang='grc' dir='ltr'><strong><em>δ’</em></strong></span> 
     </span>
     <span class='ocr_line' id='line_1_29' title="bbox 363 3232 1391 3326; baseline -0.002 -25"><span class='ocrx_word' id='word_1_223' title='bbox 363 3235 419 3303; x_wconf 77' lang='grc' dir='ltr'><strong><em>ἐπὶ.</em></strong></span> <span class='ocrx_word' id='word_1_224' title='bbox 437 3237 638 3325; x_wconf 81' lang='grc' dir='ltr'><strong><em>ΙΧαιριύνδσ-ιι</em></strong></span> <span class='ocrx_word' id='word_1_225' title='bbox 658 3233 822 3326; x_wconf 78' lang='grc' dir='ltr'><strong><em>άρχσνιος]</em></strong></span> <span class='ocrx_word' id='word_1_226' title='bbox 840 3232 1112 3323; x_wconf 84' lang='grc' dir='ltr'><strong><em>άπαγγελθένιων</em></strong></span> <span class='ocrx_word' id='word_1_227' title='bbox 1128 3246 1192 3302; x_wconf 86' lang='grc' dir='ltr'><strong><em>τῶν</em></strong></span> <span class='ocrx_word' id='word_1_228' title='bbox 1208 3237 1284 3323; x_wconf 88' lang='grc' dir='ltr'><strong><em>περὶ</em></strong></span> <span class='ocrx_word' id='word_1_229' title='bbox 1301 3245 1391 3300; x_wconf 85' lang='grc' dir='ltr'><strong><em>Χαι-</em></strong></span> 
     </span>
     <span class='ocr_line' id='line_1_30' title="bbox 363 3338 1390 3432; baseline -0.003 -24"><span class='ocrx_word' id='word_1_230' title='bbox 363 3344 495 3428; x_wconf 83' lang='grc' dir='ltr'><strong><em>ρώνειαν</em></strong></span> <span class='ocrx_word' id='word_1_231' title='bbox 535 3344 581 3432; x_wconf 79' lang='grc' dir='ltr'><strong><em>[ἐν</em></strong></span> <span class='ocrx_word' id='word_1_232' title='bbox 618 3354 656 3432; x_wconf 73' lang='grc' dir='ltr'><strong><em>τη·</em></strong></span> <span class='ocrx_word' id='word_1_233' title='bbox 693 3338 923 3431; x_wconf 75' lang='grc' dir='ltr'><strong><em>Ἱπποκράτους</em></strong></span> <span class='ocrx_word' id='word_1_234' title='bbox 956 3347 1139 3431; x_wconf 75' lang='grc' dir='ltr'><strong><em>παλαίστρᾳ</em></strong></span> <span class='ocrx_word' id='word_1_235' title='bbox 1175 3343 1390 3432; x_wconf 74' lang='grc' dir='ltr'><strong><em>πιθόμενοςΙ,</em></strong></span> 
     </span>
     <span class='ocr_line' id='line_1_31' title="bbox 364 3445 1392 3539; baseline 0 -23"><span class='ocrx_word' id='word_1_236' title='bbox 364 3451 524 3537; x_wconf 77' lang='grc' dir='ltr'><strong><em>έξαγαγιδν</em></strong></span> <span class='ocrx_word' id='word_1_237' title='bbox 541 3445 637 3516; x_wconf 74' lang='grc' dir='ltr'><strong><em>αὑτὸν</em></strong></span> <span class='ocrx_word' id='word_1_238' title='bbox 661 3460 717 3516; x_wconf 79' lang='grc' dir='ltr'><strong><em>τοῦ</em></strong></span> <span class='ocrx_word' id='word_1_239' title='bbox 732 3457 803 3536; x_wconf 73' lang='grc' dir='ltr'><strong><em>βίου</em></strong></span> <span class='ocrx_word' id='word_1_240' title='bbox 819 3459 967 3539; x_wconf 80' lang='grc' dir='ltr'><strong><em>τέτρασιν</em></strong></span> <span class='ocrx_word' id='word_1_241' title='bbox 983 3446 1113 3539; x_wconf 70' lang='grc' dir='ltr'><strong><em>ἡμέραις</em></strong></span> <span class='ocrx_word' id='word_1_242' title='bbox 1129 3450 1180 3516; x_wconf 81' lang='grc' dir='ltr'><strong><em>διὰ</em></strong></span> <span class='ocrx_word' id='word_1_243' title='bbox 1201 3460 1258 3516; x_wconf 84' lang='grc' dir='ltr'><strong><em>τοῦ</em></strong></span> <span class='ocrx_word' id='word_1_244' title='bbox 1274 3454 1392 3516; x_wconf 83' lang='grc' dir='ltr'><strong><em>σιτίων</em></strong></span> 
     </span>
    </p>

    <p class='ocr_par' dir='ltr' id='par_1_7' title="bbox 291 3550 1393 3855">
     <span class='ocr_line' id='line_1_32' title="bbox 291 3550 1390 3646; baseline -0.004 -22"><span class='ocrx_word' id='word_1_245' title='bbox 291 3567 332 3625; x_wconf 80' lang='grc'><strong><em>60</em></strong></span> <span class='ocrx_word' id='word_1_246' title='bbox 361 3551 557 3640; x_wconf 83' lang='grc' dir='ltr'><strong><em>άποσχέθαι,</em></strong></span> <span class='ocrx_word' id='word_1_247' title='bbox 584 3557 764 3646; x_wconf 77' lang='grc' dir='ltr'><strong><em>[προειπών</em></strong></span> <span class='ocrx_word' id='word_1_248' title='bbox 780 3571 865 3645; x_wconf 88' lang='grc' dir='ltr'><strong><em>τρεῖς</em></strong></span> <span class='ocrx_word' id='word_1_249' title='bbox 881 3553 981 3645; x_wconf 82' lang='grc' dir='ltr'><strong><em>άρχδς</em></strong></span> <span class='ocrx_word' id='word_1_250' title='bbox 1004 3558 1174 3645; x_wconf 86' lang='grc' dir='ltr'><strong><em>δραμάτων</em></strong></span> <span class='ocrx_word' id='word_1_251' title='bbox 1198 3550 1390 3644; x_wconf 81' lang='grc' dir='ltr'><strong><em>Εύριπίδυυ·</em></strong></span> 
     </span>
     <span class='ocr_line' id='line_1_33' title="bbox 366 3657 1392 3754; baseline -0.001 -24"><span class='ocrx_word' id='word_1_252' title='bbox 366 3665 491 3742; x_wconf 69' lang='grc' dir='ltr'><strong><em>Δαναὸς</em></strong></span> <span class='ocrx_word' id='word_1_253' title='bbox 516 3660 532 3730; x_wconf 83' lang='grc' dir='ltr'><strong><em>ό</em></strong></span> <span class='ocrx_word' id='word_1_254' title='bbox 554 3666 751 3754; x_wconf 74' lang='grc' dir='ltr'><strong><em>πεντήκοντα</em></strong></span> <span class='ocrx_word' id='word_1_255' title='bbox 774 3672 963 3752; x_wconf 80' lang='grc' dir='ltr'><strong><em>θυγατέρων</em></strong></span> <span class='ocrx_word' id='word_1_256' title='bbox 987 3664 1101 3752; x_wconf 81' lang='grc' dir='ltr'><strong><em>πατήρ·</em></strong></span> <span class='ocrx_word' id='word_1_257' title='bbox 1134 3666 1247 3750; x_wconf 74' lang='grc' dir='ltr'><strong><em>Πέλοψ</em></strong></span> <span class='ocrx_word' id='word_1_258' title='bbox 1271 3657 1288 3728; x_wconf 80' lang='grc' dir='ltr'><em>ὃ</em></span> <span class='ocrx_word' id='word_1_259' title='bbox 1309 3675 1392 3729; x_wconf 81' lang='grc' dir='ltr'><strong><em>Ταν-</em></strong></span> 
     </span>
     <span class='ocr_line' id='line_1_34' title="bbox 362 3766 1393 3855; baseline 0 -20"><span class='ocrx_word' id='word_1_260' title='bbox 362 3771 488 3849; x_wconf 84' lang='grc' dir='ltr'><strong><em>τάλειος</em></strong></span> <span class='ocrx_word' id='word_1_261' title='bbox 511 3775 558 3850; x_wconf 86' lang='grc' dir='ltr'><strong><em>εἰς</em></strong></span> <span class='ocrx_word' id='word_1_262' title='bbox 581 3785 685 3839; x_wconf 85' lang='grc' dir='ltr'><strong><em>ίίῐσαν</em></strong></span> <span class='ocrx_word' id='word_1_263' title='bbox 707 3773 829 3855; x_wconf 83' lang='grc' dir='ltr'><strong><em>μολιόν·</em></strong></span> <span class='ocrx_word' id='word_1_264' title='bbox 866 3773 1019 3839; x_wconf 77' lang='grc' dir='ltr'><strong><em>Σιδώνιόν</em></strong></span> <span class='ocrx_word' id='word_1_265' title='bbox 1042 3766 1117 3838; x_wconf 56' lang='grc' dir='ltr'><strong><em>που)</em></strong></span> <span class='ocrx_word' id='word_1_266' title='bbox 1148 3767 1229 3837; x_wconf 86' lang='grc' dir='ltr'><strong><em>άστυ</em></strong></span> <span class='ocrx_word' id='word_1_267' title='bbox 1260 3770 1393 3853; x_wconf 84' lang='grc' dir='ltr'><strong><em>Κάδμος</em></strong></span> 
     </span>
    </p>

    <p class='ocr_par' dir='ltr' id='par_1_8' title="bbox 302 3947 1244 4024">
     <span class='ocr_line' id='line_1_35' title="bbox 302 3947 1244 4024; baseline -0.006 -16"><span class='ocrx_word' id='word_1_268' title='bbox 302 3953 325 4024; x_wconf 84' lang='lat'><strong><em>¹)</em></strong></span> <span class='ocrx_word' id='word_1_269' title='bbox 343 3954 458 4010; x_wconf 74' lang='lat' dir='ltr'>photius</span> <span class='ocrx_word' id='word_1_270' title='bbox 477 3972 503 4023; x_wconf 87' lang='lat' dir='ltr'><strong><em>p.</em></strong></span> <span class='ocrx_word' id='word_1_271' title='bbox 522 3958 574 4008; x_wconf 84' lang='lat'><strong><em>486</em></strong></span> <span class='ocrx_word' id='word_1_272' title='bbox 594 3956 610 4008; x_wconf 85' lang='lat' dir='ltr'>b</span> <span class='ocrx_word' id='word_1_273' title='bbox 629 3958 671 4009; x_wconf 80' lang='grc'><strong><em>36.</em></strong></span> <span class='ocrx_word' id='word_1_274' title='bbox 692 3957 725 4007; x_wconf 80' lang='grc'><strong><em>37</em></strong></span> <span class='ocrx_word' id='word_1_275' title='bbox 745 3954 837 4008; x_wconf 79' lang='lat' dir='ltr'>addit:</span> <span class='ocrx_word' id='word_1_276' title='bbox 858 3955 905 4006; x_wconf 79' lang='grc' dir='ltr'><strong><em>καί</em></strong></span> <span class='ocrx_word' id='word_1_277' title='bbox 926 3959 1057 4021; x_wconf 75' lang='grc' dir='ltr'><strong><em>Ξενυηκδν</em></strong></span> <span class='ocrx_word' id='word_1_278' title='bbox 1077 3954 1091 4004; x_wconf 82' lang='grc' dir='ltr'><strong><em>ό</em></strong></span> <span class='ocrx_word' id='word_1_279' title='bbox 1114 3947 1244 4023; x_wconf 74' lang='grc' dir='ltr'><strong><em>Γρύλλου.</em></strong></span> 
     </span>
    </p>

    <p class='ocr_par' dir='ltr' id='par_1_9' title="bbox 301 4040 1172 4112">
     <span class='ocr_line' id='line_1_36' title="bbox 301 4040 1172 4112; baseline -0.002 -15"><span class='ocrx_word' id='word_1_280' title='bbox 301 4042 324 4112; x_wconf 77' lang='grc'><strong><em>2)</em></strong></span> <span class='ocrx_word' id='word_1_281' title='bbox 343 4043 426 4097; x_wconf 83' lang='lat' dir='ltr'><strong>Photi</strong></span> <span class='ocrx_word' id='word_1_282' title='bbox 445 4043 481 4098; x_wconf 88' lang='lat' dir='ltr'><strong><em>ib.</em></strong></span> <span class='ocrx_word' id='word_1_283' title='bbox 502 4061 527 4098; x_wconf 86' lang='lat' dir='ltr'><strong><em>v.</em></strong></span> <span class='ocrx_word' id='word_1_284' title='bbox 547 4047 653 4097; x_wconf 82' lang='lat'>38-40</span> <span class='ocrx_word' id='word_1_285' title='bbox 672 4044 771 4098; x_wconf 78' lang='lat' dir='ltr'><strong>desunt</strong></span> <span class='ocrx_word' id='word_1_286' title='bbox 791 4042 863 4110; x_wconf 83' lang='lat' dir='ltr'>apud</span> <span class='ocrx_word' id='word_1_287' title='bbox 882 4040 1172 4109; x_wconf 80' lang='lat' dir='ltr'>Pseudoplutarchum.</span> 
     </span>
    </p>

    <p class='ocr_par' dir='ltr' id='par_1_10' title="bbox 303 4132 735 4200">
     <span class='ocr_line' id='line_1_37' title="bbox 303 4132 735 4200; baseline -0.002 -14"><span class='ocrx_word' id='word_1_288' title='bbox 303 4132 324 4199; x_wconf 80' lang='lat'><strong><em>³)</em></strong></span> <span class='ocrx_word' id='word_1_289' title='bbox 344 4132 466 4198; x_wconf 84' lang='lat' dir='ltr'><strong>Photius‚</strong></span> <span class='ocrx_word' id='word_1_290' title='bbox 487 4149 512 4200; x_wconf 84' lang='lat' dir='ltr'><strong><em>p.</em></strong></span> <span class='ocrx_word' id='word_1_291' title='bbox 531 4134 584 4186; x_wconf 80' lang='lat'><strong><em>487</em></strong></span> <span class='ocrx_word' id='word_1_292' title='bbox 603 4148 620 4185; x_wconf 82' lang='lat' dir='ltr'>a</span> <span class='ocrx_word' id='word_1_293' title='bbox 638 4134 735 4185; x_wconf 80' lang='lat'>4-10.</span> 
     </span>
    </p>

    <p class='ocr_par' dir='ltr' id='par_1_11' title="bbox 301 4220 888 4292">
     <span class='ocr_line' id='line_1_38' title="bbox 301 4220 888 4292; baseline -0.002 -18"><span class='ocrx_word' id='word_1_294' title='bbox 301 4221 325 4290; x_wconf 72' lang='lat'><strong><em>⁴)</em></strong></span> <span class='ocrx_word' id='word_1_295' title='bbox 344 4220 459 4276; x_wconf 86' lang='lat' dir='ltr'>Photius</span> <span class='ocrx_word' id='word_1_296' title='bbox 478 4238 504 4292; x_wconf 84' lang='lat' dir='ltr'><strong><em>p.</em></strong></span> <span class='ocrx_word' id='word_1_297' title='bbox 522 4223 575 4276; x_wconf 85' lang='grc'><strong><em>487</em></strong></span> <span class='ocrx_word' id='word_1_298' title='bbox 595 4238 611 4274; x_wconf 82' lang='grc' dir='ltr'><strong><em>ει</em></strong></span> <span class='ocrx_word' id='word_1_299' title='bbox 630 4224 672 4275; x_wconf 83' lang='grc'><strong><em>39.</em></strong></span> <span class='ocrx_word' id='word_1_300' title='bbox 691 4222 739 4289; x_wconf 81' lang='grc'><strong><em>40;</em></strong></span> <span class='ocrx_word' id='word_1_301' title='bbox 758 4220 775 4274; x_wconf 89' lang='lat' dir='ltr'>b</span> <span class='ocrx_word' id='word_1_302' title='bbox 796 4222 808 4273; x_wconf 93' lang='lat' dir='ltr'>l</span> <span class='ocrx_word' id='word_1_303' title='bbox 830 4236 888 4288; x_wconf 85' lang='lat' dir='ltr'><strong>sqq.</strong></span> 
     </span>
    </p>
   </div>
   <div class='ocr_carea' id='block_1_6' title="bbox 0 0 1492 4746">
    <p class='ocr_par' dir='ltr' id='par_1_12' title="bbox 0 0 1492 4746">
     <span class='ocr_line' id='line_1_39' title="bbox 0 0 1492 4746; baseline 0 0"><span class='ocrx_word' id='word_1_304' title='bbox 0 0 1492 4746; x_wconf 95' lang='lat' dir='ltr'><strong><em> </em></strong></span> 
     </span>
    </p>
   </div>
  </div>
 </body>
</html>
