<?xml version="1.0" encoding="UTF-8"?>
<!DOCTYPE html PUBLIC "-//W3C//DTD XHTML 1.0 Transitional//EN"
    "http://www.w3.org/TR/xhtml1/DTD/xhtml1-transitional.dtd">
<html xmlns="http://www.w3.org/1999/xhtml" xml:lang="en" lang="en">
 <head>
  <title>
</title>
<meta http-equiv="Content-Type" content="text/html;charset=utf-8" />
  <meta name='ocr-system' content='tesseract 3.04.00' />
  <meta name='ocr-capabilities' content='ocr_page ocr_carea ocr_par ocr_line ocrx_word'/>
</head>
<body>
  <div class='ocr_page' id='page_1' title='image "./deplutarchiquae00prasgoog_0023.png"; bbox 0 0 2970 4746; ppageno 0'>
   <div class='ocr_carea' id='block_1_1' title="bbox 631 259 843 355">
    <p class='ocr_par' dir='ltr' id='par_1_1' title="bbox 631 259 843 355">
     <span class='ocr_line' id='line_1_1' title="bbox 631 259 843 355; baseline -0.019 0"><span class='ocrx_word' id='word_1_1' title='bbox 631 259 843 355; x_wconf 29' lang='lat' dir='ltr'>Ur..-</span> 
     </span>
    </p>
   </div>
   <div class='ocr_carea' id='block_1_2' title="bbox 151 467 1328 660">
    <p class='ocr_par' dir='ltr' id='par_1_2' title="bbox 151 467 1328 660">
     <span class='ocr_line' id='line_1_2' title="bbox 151 467 1328 555; baseline -0.005 -16"><span class='ocrx_word' id='word_1_2' title='bbox 151 477 247 555; x_wconf 87' lang='lat' dir='ltr'>parte</span> <span class='ocrx_word' id='word_1_3' title='bbox 270 469 550 538; x_wconf 77' lang='lat' dir='ltr'>commentationis</span> <span class='ocrx_word' id='word_1_4' title='bbox 574 469 830 551; x_wconf 85' lang='lat' dir='ltr'>commemoravi,</span> <span class='ocrx_word' id='word_1_5' title='bbox 854 487 963 534; x_wconf 88' lang='lat' dir='ltr'>omnes</span> <span class='ocrx_word' id='word_1_6' title='bbox 980 467 1049 534; x_wconf 86' lang='lat' dir='ltr'>fere</span> <span class='ocrx_word' id='word_1_7' title='bbox 1065 473 1212 534; x_wconf 89' lang='lat' dir='ltr'>oratores</span> <span class='ocrx_word' id='word_1_8' title='bbox 1229 468 1328 534; x_wconf 89' lang='lat' dir='ltr'>alium</span> 
     </span>
     <span class='ocr_line' id='line_1_3' title="bbox 152 575 1327 660; baseline -0.003 -16"><span class='ocrx_word' id='word_1_9' title='bbox 152 578 217 644; x_wconf 88' lang='lat' dir='ltr'>alio</span> <span class='ocrx_word' id='word_1_10' title='bbox 240 579 332 643; x_wconf 91' lang='lat' dir='ltr'>modo</span> <span class='ocrx_word' id='word_1_11' title='bbox 347 578 527 643; x_wconf 90' lang='lat' dir='ltr'>Isocratem</span> <span class='ocrx_word' id='word_1_12' title='bbox 544 582 577 642; x_wconf 86' lang='lat' dir='ltr'>et</span> <span class='ocrx_word' id='word_1_13' title='bbox 594 576 763 642; x_wconf 81' lang='lat' dir='ltr'>Platonem</span> <span class='ocrx_word' id='word_1_14' title='bbox 779 575 941 660; x_wconf 85' lang='lat' dir='ltr'>respicere</span> <span class='ocrx_word' id='word_1_15' title='bbox 957 575 1129 658; x_wconf 79' lang='lat' dir='ltr'>biographi</span> <span class='ocrx_word' id='word_1_16' title='bbox 1145 577 1327 642; x_wconf 90' lang='lat' dir='ltr'>voluerunt.</span> 
     </span>
    </p>
   </div>
   <div class='ocr_carea' id='block_1_3' title="bbox 53 682 1328 765">
    <p class='ocr_par' dir='ltr' id='par_1_3' title="bbox 53 682 1328 765">
     <span class='ocr_line' id='line_1_4' title="bbox 53 682 1328 765; baseline -0.003 -16"><span class='ocrx_word' id='word_1_17' title='bbox 53 728 65 749; x_wconf 72' lang='grc' dir='ltr'><em>ι</em></span> <span class='ocrx_word' id='word_1_18' title='bbox 156 685 271 765; x_wconf 89' lang='lat' dir='ltr'>Itaque</span> <span class='ocrx_word' id='word_1_19' title='bbox 294 684 391 750; x_wconf 82' lang='lat' dir='ltr'>facile</span> <span class='ocrx_word' id='word_1_20' title='bbox 413 683 483 748; x_wconf 89' lang='lat' dir='ltr'>fieri</span> <span class='ocrx_word' id='word_1_21' title='bbox 507 684 612 765; x_wconf 86' lang='lat' dir='ltr'>potuit</span> <span class='ocrx_word' id='word_1_22' title='bbox 634 688 671 747; x_wconf 91' lang='lat' dir='ltr'>ut</span> <span class='ocrx_word' id='word_1_23' title='bbox 694 683 727 747; x_wconf 92' lang='lat' dir='ltr'>in</span> <span class='ocrx_word' id='word_1_24' title='bbox 750 682 837 747; x_wconf 91' lang='lat' dir='ltr'>Isaei</span> <span class='ocrx_word' id='word_1_25' title='bbox 861 682 963 748; x_wconf 88' lang='lat' dir='ltr'>vitam</span> <span class='ocrx_word' id='word_1_26' title='bbox 987 683 1068 748; x_wconf 88' lang='lat' dir='ltr'>haec</span> <span class='ocrx_word' id='word_1_27' title='bbox 1089 683 1258 748; x_wconf 87' lang='lat' dir='ltr'>adnotatio</span> <span class='ocrx_word' id='word_1_28' title='bbox 1281 683 1328 746; x_wconf 92' lang='lat' dir='ltr'>in-</span> 
     </span>
    </p>
   </div>
   <div class='ocr_carea' id='block_1_4' title="bbox 144 788 1355 4289">
    <p class='ocr_par' dir='ltr' id='par_1_4' title="bbox 153 788 1355 3861">
     <span class='ocr_line' id='line_1_5' title="bbox 153 788 1327 871; baseline -0.003 -14"><span class='ocrx_word' id='word_1_29' title='bbox 153 797 310 857; x_wconf 91' lang='lat' dir='ltr'>manaret.</span> <span class='ocrx_word' id='word_1_30' title='bbox 359 792 459 856; x_wconf 90' lang='lat' dir='ltr'>Porro</span> <span class='ocrx_word' id='word_1_31' title='bbox 483 792 544 855; x_wconf 87' lang='lat' dir='ltr'>huo</span> <span class='ocrx_word' id='word_1_32' title='bbox 568 791 732 871; x_wconf 87' lang='lat' dir='ltr'>pertinent</span> <span class='ocrx_word' id='word_1_33' title='bbox 755 788 926 854; x_wconf 77' lang='lat' dir='ltr'>Aeschinis</span> <span class='ocrx_word' id='word_1_34' title='bbox 951 789 1039 854; x_wconf 88' lang='lat' dir='ltr'>vitae</span> <span class='ocrx_word' id='word_1_35' title='bbox 1063 788 1137 871; x_wconf 75' lang='lat' dir='ltr'>(cfr.</span> <span class='ocrx_word' id='word_1_36' title='bbox 1157 790 1327 870; x_wconf 86' lang='lat' dir='ltr'>Pseudopl.</span> 
     </span>
     <span class='ocr_line' id='line_1_6' title="bbox 154 896 1329 976; baseline -0.004 -11"><span class='ocrx_word' id='word_1_37' title='bbox 154 897 242 965; x_wconf 89' lang='lat' dir='ltr'>vitae</span> <span class='ocrx_word' id='word_1_38' title='bbox 280 898 453 964; x_wconf 81' lang='lat' dir='ltr'>Aeschinis</span> <span class='ocrx_word' id='word_1_39' title='bbox 496 916 527 965; x_wconf 85' lang='grc' dir='ltr'>ν.</span> <span class='ocrx_word' id='word_1_40' title='bbox 578 903 597 960; x_wconf 82' lang='grc'>9</span> <span class='ocrx_word' id='word_1_41' title='bbox 637 916 705 962; x_wconf 91' lang='lat' dir='ltr'>cum</span> <span class='ocrx_word' id='word_1_42' title='bbox 745 896 841 961; x_wconf 88' lang='lat' dir='ltr'>Photi</span> <span class='ocrx_word' id='word_1_43' title='bbox 880 896 1096 961; x_wconf 85' lang='lat' dir='ltr'>bibliothecae</span> <span class='ocrx_word' id='word_1_44' title='bbox 1136 916 1165 976; x_wconf 90' lang='lat' dir='ltr'>p.</span> <span class='ocrx_word' id='word_1_45' title='bbox 1206 900 1272 960; x_wconf 84' lang='lat'>490</span> <span class='ocrx_word' id='word_1_46' title='bbox 1308 899 1329 960; x_wconf 93' lang='lat' dir='ltr'>b</span> 
     </span>
     <span class='ocr_line' id='line_1_7' title="bbox 158 998 1355 1088; baseline -0.005 -20"><span class='ocrx_word' id='word_1_47' title='bbox 158 1004 213 1088; x_wconf 86' lang='lat'>14)</span> <span class='ocrx_word' id='word_1_48' title='bbox 252 1007 353 1071; x_wconf 82' lang='lat' dir='ltr'>verba</span> <span class='ocrx_word' id='word_1_49' title='bbox 395 1006 449 1069; x_wconf 88' lang='grc' dir='ltr'>καὶ</span> <span class='ocrx_word' id='word_1_50' title='bbox 487 1015 567 1079; x_wconf 75' lang='grc' dir='ltr'><em>παῖς</em></span> <span class='ocrx_word' id='word_1_51' title='bbox 609 1002 657 1067; x_wconf 71' lang='grc' dir='ltr'>ἔτι</span> <span class='ocrx_word' id='word_1_52' title='bbox 703 998 747 1066; x_wconf 77' lang='grc' dir='ltr'>ὢν</span> <span class='ocrx_word' id='word_1_53' title='bbox 786 1000 928 1066; x_wconf 74' lang='grc' dir='ltr'><em>ἐδίδασκε</em></span> <span class='ocrx_word' id='word_1_54' title='bbox 968 1001 1139 1086; x_wconf 78' lang='grc' dir='ltr'><em>γράμματα</em></span> <span class='ocrx_word' id='word_1_55' title='bbox 1187 1002 1244 1066; x_wconf 72' lang='grc' dir='ltr'>σὺν</span> <span class='ocrx_word' id='word_1_56' title='bbox 1283 1005 1355 1087; x_wconf 64' lang='grc' dir='ltr'>αρ’</span> 
     </span>
     <span class='ocr_line' id='line_1_8' title="bbox 156 1109 1330 1196; baseline -0.001 -22"><span class='ocrx_word' id='word_1_57' title='bbox 156 1116 266 1196; x_wconf 75' lang='grc' dir='ltr'><em>πατρί,</em></span> <span class='ocrx_word' id='word_1_58' title='bbox 290 1131 372 1194; x_wconf 88' lang='lat' dir='ltr'>quae</span> <span class='ocrx_word' id='word_1_59' title='bbox 396 1116 524 1193; x_wconf 89' lang='lat' dir='ltr'>sumpta</span> <span class='ocrx_word' id='word_1_60' title='bbox 548 1115 624 1176; x_wconf 90' lang='lat' dir='ltr'>sunt</span> <span class='ocrx_word' id='word_1_61' title='bbox 643 1130 683 1175; x_wconf 85' lang='lat' dir='ltr'>ex</span> <span class='ocrx_word' id='word_1_62' title='bbox 699 1109 928 1175; x_wconf 88' lang='lat' dir='ltr'>Demosthenis</span> <span class='ocrx_word' id='word_1_63' title='bbox 950 1109 1096 1174; x_wconf 92' lang='lat' dir='ltr'>oratione</span> <span class='ocrx_word' id='word_1_64' title='bbox 1113 1109 1231 1174; x_wconf 83' lang='lat' dir='ltr'>XVIII</span> <span class='ocrx_word' id='word_1_65' title='bbox 1256 1115 1330 1184; x_wconf 79' lang='lat'>258,</span> 
     </span>
     <span class='ocr_line' id='line_1_9' title="bbox 157 1215 1329 1299; baseline -0.003 -15"><span class='ocrx_word' id='word_1_66' title='bbox 157 1217 272 1298; x_wconf 88' lang='lat' dir='ltr'>quibus</span> <span class='ocrx_word' id='word_1_67' title='bbox 288 1219 396 1284; x_wconf 87' lang='lat' dir='ltr'>verbis</span> <span class='ocrx_word' id='word_1_68' title='bbox 412 1238 476 1283; x_wconf 92' lang='lat' dir='ltr'>non</span> <span class='ocrx_word' id='word_1_69' title='bbox 492 1219 583 1283; x_wconf 90' lang='lat' dir='ltr'>modo</span> <span class='ocrx_word' id='word_1_70' title='bbox 600 1224 726 1298; x_wconf 89' lang='lat' dir='ltr'>patrem</span> <span class='ocrx_word' id='word_1_71' title='bbox 742 1216 924 1299; x_wconf 71' lang='lat' dir='ltr'>Aeschinis</span> <span class='ocrx_word' id='word_1_72' title='bbox 946 1219 1002 1282; x_wconf 90' lang='lat' dir='ltr'>sed</span> <span class='ocrx_word' id='word_1_73' title='bbox 1020 1216 1212 1282; x_wconf 89' lang='lat' dir='ltr'>Aeschinem</span> <span class='ocrx_word' id='word_1_74' title='bbox 1230 1215 1329 1281; x_wconf 85' lang='lat' dir='ltr'>etiarn</span> 
     </span>
     <span class='ocr_line' id='line_1_10' title="bbox 156 1323 1328 1416; baseline -0.002 -28"><span class='ocrx_word' id='word_1_75' title='bbox 156 1323 260 1405; x_wconf 89' lang='lat' dir='ltr'>ipsum</span> <span class='ocrx_word' id='word_1_76' title='bbox 283 1329 510 1407; x_wconf 83' lang='lat' dir='ltr'>praeceptores</span> <span class='ocrx_word' id='word_1_77' title='bbox 535 1323 635 1390; x_wconf 83' lang='lat' dir='ltr'>luisse</span> <span class='ocrx_word' id='word_1_78' title='bbox 658 1329 820 1389; x_wconf 83' lang='lat' dir='ltr'>narratur.</span> <span class='ocrx_word' id='word_1_79' title='bbox 880 1323 931 1388; x_wconf 78' lang='lat' dir='ltr'>En</span> <span class='ocrx_word' id='word_1_80' title='bbox 956 1328 1027 1388; x_wconf 88' lang='lat' dir='ltr'>tota</span> <span class='ocrx_word' id='word_1_81' title='bbox 1050 1323 1133 1416; x_wconf 72' lang='lat' dir='ltr'>euim</span> <span class='ocrx_word' id='word_1_82' title='bbox 1158 1342 1328 1404; x_wconf 82' lang='lat' dir='ltr'>argumen-</span> 
     </span>
     <span class='ocr_line' id='line_1_11' title="bbox 156 1429 1330 1513; baseline -0.001 -18"><span class='ocrx_word' id='word_1_83' title='bbox 156 1430 281 1497; x_wconf 82' lang='lat' dir='ltr'>tatione</span> <span class='ocrx_word' id='word_1_84' title='bbox 320 1434 405 1513; x_wconf 89' lang='lat' dir='ltr'>apud</span> <span class='ocrx_word' id='word_1_85' title='bbox 439 1432 688 1497; x_wconf 87' lang='lat' dir='ltr'>Demosthenem</span> <span class='ocrx_word' id='word_1_86' title='bbox 723 1429 865 1495; x_wconf 87' lang='lat' dir='ltr'>efficitur</span> <span class='ocrx_word' id='word_1_87' title='bbox 898 1431 1117 1512; x_wconf 79' lang='lat' dir='ltr'>Atrometum,</span> <span class='ocrx_word' id='word_1_88' title='bbox 1156 1429 1330 1495; x_wconf 87' lang='lat' dir='ltr'>Aeschinis</span> 
     </span>
     <span class='ocr_line' id='line_1_12' title="bbox 156 1536 1329 1622; baseline -0.003 -19"><span class='ocrx_word' id='word_1_89' title='bbox 156 1541 298 1622; x_wconf 88' lang='lat' dir='ltr'>patrem,</span> <span class='ocrx_word' id='word_1_90' title='bbox 327 1538 428 1604; x_wconf 88' lang='lat' dir='ltr'>fuisse</span> <span class='ocrx_word' id='word_1_91' title='bbox 452 1544 707 1621; x_wconf 79' lang='lat' dir='ltr'>praeceptorem,</span> <span class='ocrx_word' id='word_1_92' title='bbox 736 1536 928 1602; x_wconf 89' lang='lat' dir='ltr'>Aeschinem</span> <span class='ocrx_word' id='word_1_93' title='bbox 952 1544 1065 1604; x_wconf 89' lang='lat' dir='ltr'>contra</span> <span class='ocrx_word' id='word_1_94' title='bbox 1089 1544 1215 1617; x_wconf 85' lang='lat' dir='ltr'>patrem</span> <span class='ocrx_word' id='word_1_95' title='bbox 1240 1537 1329 1602; x_wconf 89' lang='lat' dir='ltr'>adiu-</span> 
     </span>
     <span class='ocr_line' id='line_1_13' title="bbox 158 1643 1329 1728; baseline -0.002 -18"><span class='ocrx_word' id='word_1_96' title='bbox 158 1643 246 1710; x_wconf 88' lang='lat' dir='ltr'>visse</span> <span class='ocrx_word' id='word_1_97' title='bbox 270 1663 344 1728; x_wconf 86' lang='lat' dir='ltr'>uon‚</span> <span class='ocrx_word' id='word_1_98' title='bbox 368 1663 437 1711; x_wconf 85' lang='lat' dir='ltr'>curn</span> <span class='ocrx_word' id='word_1_99' title='bbox 461 1646 531 1726; x_wconf 88' lang='lat' dir='ltr'>ipse</span> <span class='ocrx_word' id='word_1_100' title='bbox 555 1647 695 1728; x_wconf 84' lang='lat' dir='ltr'>doceret,</span> <span class='ocrx_word' id='word_1_101' title='bbox 728 1645 785 1710; x_wconf 91' lang='lat' dir='ltr'>sed</span> <span class='ocrx_word' id='word_1_102' title='bbox 808 1662 877 1710; x_wconf 90' lang='lat' dir='ltr'>cum</span> <span class='ocrx_word' id='word_1_103' title='bbox 902 1663 951 1727; x_wconf 83' lang='lat' dir='ltr'>ea,</span> <span class='ocrx_word' id='word_1_104' title='bbox 983 1663 1064 1725; x_wconf 85' lang='lat' dir='ltr'>quae</span> <span class='ocrx_word' id='word_1_105' title='bbox 1089 1646 1130 1709; x_wconf 92' lang='lat' dir='ltr'>ad</span> <span class='ocrx_word' id='word_1_106' title='bbox 1154 1644 1329 1709; x_wconf 88' lang='lat' dir='ltr'>docendum</span> 
     </span>
     <span class='ocr_line' id='line_1_14' title="bbox 158 1751 1330 1836; baseline -0.001 -21"><span class='ocrx_word' id='word_1_107' title='bbox 158 1770 237 1833; x_wconf 90' lang='lat' dir='ltr'>opus</span> <span class='ocrx_word' id='word_1_108' title='bbox 261 1757 365 1835; x_wconf 85' lang='lat' dir='ltr'>erant,</span> <span class='ocrx_word' id='word_1_109' title='bbox 389 1757 528 1818; x_wconf 88' lang='lat' dir='ltr'>curaret.</span> <span class='ocrx_word' id='word_1_110' title='bbox 565 1753 656 1836; x_wconf 75' lang='lat' dir='ltr'>Quod</span> <span class='ocrx_word' id='word_1_111' title='bbox 680 1751 742 1816; x_wconf 85' lang='lat' dir='ltr'>iarn</span> <span class='ocrx_word' id='word_1_112' title='bbox 765 1751 959 1834; x_wconf 76' lang='lat' dir='ltr'>illustratur,</span> <span class='ocrx_word' id='word_1_113' title='bbox 984 1752 1012 1815; x_wconf 87' lang='lat' dir='ltr'>si</span> <span class='ocrx_word' id='word_1_114' title='bbox 1029 1752 1175 1816; x_wconf 84' lang='lat' dir='ltr'>addimus</span> <span class='ocrx_word' id='word_1_115' title='bbox 1192 1751 1330 1815; x_wconf 86' lang='lat' dir='ltr'>alterurn</span> 
     </span>
     <span class='ocr_line' id='line_1_15' title="bbox 158 1849 1331 1943; baseline -0.004 -20"><span class='ocrx_word' id='word_1_116' title='bbox 158 1859 386 1925; x_wconf 76' lang='lat' dir='ltr'>Demosthenis</span> <span class='ocrx_word' id='word_1_117' title='bbox 410 1859 513 1925; x_wconf 78' lang='lat' dir='ltr'>locum</span> <span class='ocrx_word' id='word_1_118' title='bbox 537 1880 582 1925; x_wconf 72' lang='grc' dir='ltr'>ον.</span> <span class='ocrx_word' id='word_1_119' title='bbox 608 1859 691 1924; x_wconf 87' lang='lat' dir='ltr'>XIX</span> <span class='ocrx_word' id='word_1_120' title='bbox 717 1863 793 1922; x_wconf 72' lang='lat'>949:</span> <span class='ocrx_word' id='word_1_121' title='bbox 818 1856 974 1921; x_wconf 78' lang='grc' dir='ltr'><em>διδάσκων</em></span> <span class='ocrx_word' id='word_1_122' title='bbox 998 1849 1024 1920; x_wconf 70' lang='grc' dir='ltr'>δ’</span> <span class='ocrx_word' id='word_1_123' title='bbox 1051 1850 1068 1919; x_wconf 73' lang='grc' dir='ltr'>ὁ</span> <span class='ocrx_word' id='word_1_124' title='bbox 1091 1856 1197 1943; x_wconf 66' lang='grc' dir='ltr'><em>πατὴρ</em></span> <span class='ocrx_word' id='word_1_125' title='bbox 1227 1856 1331 1941; x_wconf 76' lang='grc' dir='ltr'><em>γράμ-</em></span> 
     </span>
     <span class='ocr_line' id='line_1_16' title="bbox 158 1964 1331 2051; baseline 0.001 -24"><span class='ocrx_word' id='word_1_126' title='bbox 158 1988 255 2045; x_wconf 79' lang='grc' dir='ltr'><em>ματα.</em></span> <span class='ocrx_word' id='word_1_127' title='bbox 302 1967 356 2032; x_wconf 83' lang='lat' dir='ltr'>Ex</span> <span class='ocrx_word' id='word_1_128' title='bbox 385 1967 446 2051; x_wconf 86' lang='lat' dir='ltr'>his,</span> <span class='ocrx_word' id='word_1_129' title='bbox 476 1973 514 2032; x_wconf 93' lang='lat' dir='ltr'>ut</span> <span class='ocrx_word' id='word_1_130' title='bbox 544 1967 682 2050; x_wconf 87' lang='lat' dir='ltr'>videtur,</span> <span class='ocrx_word' id='word_1_131' title='bbox 711 1965 886 2032; x_wconf 88' lang='lat' dir='ltr'>verisimile</span> <span class='ocrx_word' id='word_1_132' title='bbox 914 1965 951 2030; x_wconf 85' lang='lat' dir='ltr'>fit</span> <span class='ocrx_word' id='word_1_133' title='bbox 975 1965 1123 2030; x_wconf 89' lang='lat' dir='ltr'>Photiurn</span> <span class='ocrx_word' id='word_1_134' title='bbox 1153 1965 1260 2030; x_wconf 89' lang='lat' dir='ltr'>redire</span> <span class='ocrx_word' id='word_1_135' title='bbox 1290 1964 1331 2028; x_wconf 92' lang='lat' dir='ltr'>ad</span> 
     </span>
     <span class='ocr_line' id='line_1_17' title="bbox 161 2063 1331 2155; baseline -0.003 -18"><span class='ocrx_word' id='word_1_136' title='bbox 161 2072 505 2155; x_wconf 80' lang='lat' dir='ltr'>Pseudoplutarchum3</span> <span class='ocrx_word' id='word_1_137' title='bbox 536 2093 610 2139; x_wconf 90' lang='lat' dir='ltr'>nam</span> <span class='ocrx_word' id='word_1_138' title='bbox 642 2074 727 2155; x_wconf 91' lang='lat' dir='ltr'>apud</span> <span class='ocrx_word' id='word_1_139' title='bbox 755 2073 844 2137; x_wconf 91' lang='lat' dir='ltr'>illum</span> <span class='ocrx_word' id='word_1_140' title='bbox 875 2072 998 2153; x_wconf 89' lang='lat' dir='ltr'>scripta</span> <span class='ocrx_word' id='word_1_141' title='bbox 1021 2072 1166 2137; x_wconf 85' lang='lat' dir='ltr'>videmus</span> <span class='ocrx_word' id='word_1_142' title='bbox 1191 2078 1225 2136; x_wconf 93' lang='lat' dir='ltr'>et</span> <span class='ocrx_word' id='word_1_143' title='bbox 1248 2063 1331 2134; x_wconf 75' lang='lat' dir='ltr'>doo-</span> 
     </span>
     <span class='ocr_line' id='line_1_18' title="bbox 161 2173 1333 2266; baseline -0.001 -25"><span class='ocrx_word' id='word_1_144' title='bbox 161 2179 391 2262; x_wconf 73' lang='grc' dir='ltr'><em>γραμματεύων</em></span> <span class='ocrx_word' id='word_1_145' title='bbox 415 2186 449 2246; x_wconf 79' lang='lat' dir='ltr'>et</span> <span class='ocrx_word' id='word_1_146' title='bbox 471 2178 706 2266; x_wconf 78' lang='grc' dir='ltr'><em>τριταγωνὶζων</em></span> <span class='ocrx_word' id='word_1_147' title='bbox 729 2185 763 2244; x_wconf 81' lang='lat' dir='ltr'>et</span> <span class='ocrx_word' id='word_1_148' title='bbox 780 2190 859 2255; x_wconf 72' lang='grc' dir='ltr'><em>παῖς</em></span> <span class='ocrx_word' id='word_1_149' title='bbox 883 2173 927 2242; x_wconf 77' lang='lat' dir='ltr'>olo</span> <span class='ocrx_word' id='word_1_150' title='bbox 944 2175 1098 2243; x_wconf 76' lang='grc' dir='ltr'><em>ἒὸἱὸασκιε</em></span> <span class='ocrx_word' id='word_1_151' title='bbox 1124 2179 1151 2242; x_wconf 82' lang='lat' dir='ltr'>si</span> <span class='ocrx_word' id='word_1_152' title='bbox 1173 2183 1282 2244; x_wconf 73' lang='lat' dir='ltr'>aulient</span> <span class='ocrx_word' id='word_1_153' title='bbox 1298 2183 1333 2241; x_wconf 83' lang='lat' dir='ltr'>et</span> 
     </span>
     <span class='ocr_line' id='line_1_19' title="bbox 160 2280 1330 2373; baseline -0.003 -23"><span class='ocrx_word' id='word_1_154' title='bbox 160 2285 270 2351; x_wconf 87' lang='lat' dir='ltr'>verbis</span> <span class='ocrx_word' id='word_1_155' title='bbox 294 2287 562 2353; x_wconf 86' lang='lat' dir='ltr'>antecedentibus</span> <span class='ocrx_word' id='word_1_156' title='bbox 586 2286 682 2371; x_wconf 81' lang='lat' dir='ltr'>(quae</span> <span class='ocrx_word' id='word_1_157' title='bbox 706 2288 846 2367; x_wconf 89' lang='lat' dir='ltr'>pendent</span> <span class='ocrx_word' id='word_1_158' title='bbox 869 2305 910 2351; x_wconf 85' lang='lat' dir='ltr'>ex</span> <span class='ocrx_word' id='word_1_159' title='bbox 935 2280 979 2362; x_wconf 79' lang='grc' dir='ltr'>ὥς</span> <span class='ocrx_word' id='word_1_160' title='bbox 1004 2307 1083 2373; x_wconf 70' lang='grc' dir='ltr'><em>φησι</em></span> <span class='ocrx_word' id='word_1_161' title='bbox 1100 2285 1330 2371; x_wconf 63' lang='grc' dir='ltr'>Λημοσθένης)</span> 
     </span>
     <span class='ocr_line' id='line_1_20' title="bbox 160 2388 1332 2475; baseline -0.001 -20"><span class='ocrx_word' id='word_1_162' title='bbox 160 2393 309 2474; x_wconf 82' lang='lat' dir='ltr'>congruit</span> <span class='ocrx_word' id='word_1_163' title='bbox 332 2400 466 2475; x_wconf 85' lang='lat' dir='ltr'>uterque</span> <span class='ocrx_word' id='word_1_164' title='bbox 490 2400 603 2459; x_wconf 89' lang='lat' dir='ltr'>auctor</span> <span class='ocrx_word' id='word_1_165' title='bbox 626 2399 660 2458; x_wconf 93' lang='lat' dir='ltr'>et</span> <span class='ocrx_word' id='word_1_166' title='bbox 683 2395 784 2460; x_wconf 90' lang='lat' dir='ltr'>verba</span> <span class='ocrx_word' id='word_1_167' title='bbox 800 2404 879 2470; x_wconf 73' lang='grc' dir='ltr'><em>παῖς</em></span> <span class='ocrx_word' id='word_1_168' title='bbox 895 2388 939 2457; x_wconf 78' lang='grc' dir='ltr'>ὢν</span> <span class='ocrx_word' id='word_1_169' title='bbox 955 2391 1107 2469; x_wconf 73' lang='grc' dir='ltr'><em>ἐδίδασκε,</em></span> <span class='ocrx_word' id='word_1_170' title='bbox 1133 2410 1214 2473; x_wconf 85' lang='lat' dir='ltr'>quae</span> <span class='ocrx_word' id='word_1_171' title='bbox 1232 2410 1332 2471; x_wconf 87' lang='lat' dir='ltr'>aeque</span> 
     </span>
     <span class='ocr_line' id='line_1_21' title="bbox 160 2498 1331 2582; baseline -0.003 -18"><span class='ocrx_word' id='word_1_172' title='bbox 160 2517 200 2564; x_wconf 83' lang='lat' dir='ltr'>ex</span> <span class='ocrx_word' id='word_1_173' title='bbox 224 2500 442 2566; x_wconf 87' lang='lat' dir='ltr'>Demosthene</span> <span class='ocrx_word' id='word_1_174' title='bbox 472 2500 606 2566; x_wconf 72' lang='lat' dir='ltr'>illuxisse</span> <span class='ocrx_word' id='word_1_175' title='bbox 634 2506 777 2582; x_wconf 88' lang='lat' dir='ltr'>constat,</span> <span class='ocrx_word' id='word_1_176' title='bbox 807 2520 827 2565; x_wconf 88' lang='lat' dir='ltr'>a</span> <span class='ocrx_word' id='word_1_177' title='bbox 850 2500 1026 2566; x_wconf 87' lang='lat' dir='ltr'>Plutarcho</span> <span class='ocrx_word' id='word_1_178' title='bbox 1049 2500 1135 2566; x_wconf 90' lang='lat' dir='ltr'>haud</span> <span class='ocrx_word' id='word_1_179' title='bbox 1166 2505 1256 2564; x_wconf 86' lang='lat' dir='ltr'>recte</span> <span class='ocrx_word' id='word_1_180' title='bbox 1285 2498 1331 2561; x_wconf 90' lang='lat' dir='ltr'>in-</span> 
     </span>
     <span class='ocr_line' id='line_1_22' title="bbox 160 2598 1332 2690; baseline -0.002 -21"><span class='ocrx_word' id='word_1_181' title='bbox 160 2598 411 2690; x_wconf 82' lang='lat' dir='ltr'>tellecta‘sunt‚</span> <span class='ocrx_word' id='word_1_182' title='bbox 442 2607 471 2672; x_wconf 90' lang='lat' dir='ltr'>si</span> <span class='ocrx_word' id='word_1_183' title='bbox 501 2609 634 2673; x_wconf 92' lang='lat' dir='ltr'>eundem</span> <span class='ocrx_word' id='word_1_184' title='bbox 665 2625 806 2672; x_wconf 88' lang='lat' dir='ltr'>errorem</span> <span class='ocrx_word' id='word_1_185' title='bbox 837 2609 921 2687; x_wconf 89' lang='lat' dir='ltr'>apud</span> <span class='ocrx_word' id='word_1_186' title='bbox 946 2606 1095 2672; x_wconf 88' lang='lat' dir='ltr'>Photium</span> <span class='ocrx_word' id='word_1_187' title='bbox 1122 2605 1332 2684; x_wconf 82' lang='lat' dir='ltr'>inveniemus,</span> 
     </span>
     <span class='ocr_line' id='line_1_23' title="bbox 161 2712 1333 2796; baseline -0.003 -20"><span class='ocrx_word' id='word_1_188' title='bbox 161 2712 245 2778; x_wconf 91' lang='lat' dir='ltr'>huuc</span> <span class='ocrx_word' id='word_1_189' title='bbox 279 2716 319 2780; x_wconf 91' lang='lat' dir='ltr'>ad</span> <span class='ocrx_word' id='word_1_190' title='bbox 355 2713 445 2780; x_wconf 92' lang='lat' dir='ltr'>illum</span> <span class='ocrx_word' id='word_1_191' title='bbox 480 2714 586 2780; x_wconf 89' lang='lat' dir='ltr'>redire</span> <span class='ocrx_word' id='word_1_192' title='bbox 622 2713 889 2781; x_wconf 86' lang='lat' dir='ltr'>verisimillimum</span> <span class='ocrx_word' id='word_1_193' title='bbox 925 2714 1004 2796; x_wconf 86' lang='lat' dir='ltr'>erit,</span> <span class='ocrx_word' id='word_1_194' title='bbox 1042 2713 1107 2779; x_wconf 89' lang='lat' dir='ltr'>nisi</span> <span class='ocrx_word' id='word_1_195' title='bbox 1142 2713 1212 2794; x_wconf 89' lang='lat' dir='ltr'>quis</span> <span class='ocrx_word' id='word_1_196' title='bbox 1249 2712 1333 2776; x_wconf 84' lang='lat' dir='ltr'>forte</span> 
     </span>
     <span class='ocr_line' id='line_1_24' title="bbox 162 2820 1331 2902; baseline -0.002 -19"><span class='ocrx_word' id='word_1_197' title='bbox 162 2820 346 2901; x_wconf 87' lang='lat' dir='ltr'>suspicatur</span> <span class='ocrx_word' id='word_1_198' title='bbox 384 2826 552 2902; x_wconf 90' lang='lat' dir='ltr'>utrumque</span> <span class='ocrx_word' id='word_1_199' title='bbox 595 2820 736 2886; x_wconf 87' lang='lat' dir='ltr'>auctoris</span> <span class='ocrx_word' id='word_1_200' title='bbox 778 2821 905 2885; x_wconf 89' lang='lat' dir='ltr'>nomine</span> <span class='ocrx_word' id='word_1_201' title='bbox 944 2840 1006 2885; x_wconf 93' lang='lat' dir='ltr'>non</span> <span class='ocrx_word' id='word_1_202' title='bbox 1045 2821 1155 2886; x_wconf 88' lang='lat' dir='ltr'>addito</span> <span class='ocrx_word' id='word_1_203' title='bbox 1198 2820 1331 2884; x_wconf 84' lang='lat' dir='ltr'>eundern</span> 
     </span>
     <span class='ocr_line' id='line_1_25' title="bbox 162 2924 1331 2993; baseline -0.003 -4"><span class='ocrx_word' id='word_1_204' title='bbox 162 2932 325 2992; x_wconf 91' lang='lat' dir='ltr'>auctorem</span> <span class='ocrx_word' id='word_1_205' title='bbox 360 2933 504 2993; x_wconf 86' lang='lat' dir='ltr'>secutum</span> <span class='ocrx_word' id='word_1_206' title='bbox 539 2929 673 2993; x_wconf 89' lang='lat' dir='ltr'>eundem</span> <span class='ocrx_word' id='word_1_207' title='bbox 709 2927 741 2990; x_wconf 92' lang='lat' dir='ltr'>in</span> <span class='ocrx_word' id='word_1_208' title='bbox 777 2945 918 2992; x_wconf 88' lang='lat' dir='ltr'>errorem</span> <span class='ocrx_word' id='word_1_209' title='bbox 947 2927 1110 2993; x_wconf 89' lang='lat' dir='ltr'>incidisse.</span> <span class='ocrx_word' id='word_1_210' title='bbox 1157 2926 1268 2991; x_wconf 81' lang='lat' dir='ltr'>Etiam</span> <span class='ocrx_word' id='word_1_211' title='bbox 1301 2924 1331 2987; x_wconf 83' lang='lat' dir='ltr'>in</span> 
     </span>
     <span class='ocr_line' id='line_1_26' title="bbox 163 3031 1333 3115; baseline -0.003 -19"><span class='ocrx_word' id='word_1_212' title='bbox 163 3031 340 3114; x_wconf 88' lang='lat' dir='ltr'>Hyperidis</span> <span class='ocrx_word' id='word_1_213' title='bbox 356 3035 427 3101; x_wconf 85' lang='lat' dir='ltr'>vita</span> <span class='ocrx_word' id='word_1_214' title='bbox 442 3040 576 3115; x_wconf 88' lang='lat' dir='ltr'>uterque</span> <span class='ocrx_word' id='word_1_215' title='bbox 593 3039 706 3099; x_wconf 87' lang='lat' dir='ltr'>auctor</span> <span class='ocrx_word' id='word_1_216' title='bbox 722 3035 856 3099; x_wconf 89' lang='lat' dir='ltr'>eundem</span> <span class='ocrx_word' id='word_1_217' title='bbox 873 3035 1011 3114; x_wconf 89' lang='lat' dir='ltr'>praebet</span> <span class='ocrx_word' id='word_1_218' title='bbox 1025 3053 1180 3099; x_wconf 88' lang='lat' dir='ltr'>errorem:</span> <span class='ocrx_word' id='word_1_219' title='bbox 1197 3031 1333 3096; x_wconf 86' lang='lat' dir='ltr'>Photius</span> 
     </span>
     <span class='ocr_line' id='line_1_27' title="bbox 162 3137 1333 3223; baseline -0.002 -19"><span class='ocrx_word' id='word_1_220' title='bbox 162 3137 263 3218; x_wconf 78' lang='lat' dir='ltr'>igitur</span> <span class='ocrx_word' id='word_1_221' title='bbox 286 3147 322 3206; x_wconf 86' lang='lat' dir='ltr'>ut</span> <span class='ocrx_word' id='word_1_222' title='bbox 345 3142 661 3223; x_wconf 90' lang='lat' dir='ltr'>Pseudoplutarchus</span> <span class='ocrx_word' id='word_1_223' title='bbox 685 3140 821 3222; x_wconf 88' lang='lat' dir='ltr'>primurn</span> <span class='ocrx_word' id='word_1_224' title='bbox 848 3140 952 3206; x_wconf 89' lang='lat' dir='ltr'>tradit</span> <span class='ocrx_word' id='word_1_225' title='bbox 975 3147 1103 3222; x_wconf 89' lang='lat' dir='ltr'>captum</span> <span class='ocrx_word' id='word_1_226' title='bbox 1127 3159 1199 3206; x_wconf 88' lang='lat' dir='ltr'>esse</span> <span class='ocrx_word' id='word_1_227' title='bbox 1223 3140 1333 3220; x_wconf 87' lang='lat' dir='ltr'>Hype-</span> 
     </span>
     <span class='ocr_line' id='line_1_28' title="bbox 162 3244 1331 3331; baseline -0.001 -22"><span class='ocrx_word' id='word_1_228' title='bbox 162 3244 263 3312; x_wconf 92' lang='lat' dir='ltr'>ridem</span> <span class='ocrx_word' id='word_1_229' title='bbox 295 3248 329 3313; x_wconf 92' lang='lat' dir='ltr'>in</span> <span class='ocrx_word' id='word_1_230' title='bbox 366 3248 485 3329; x_wconf 91' lang='lat' dir='ltr'>templo</span> <span class='ocrx_word' id='word_1_231' title='bbox 515 3247 657 3328; x_wconf 91' lang='lat' dir='ltr'>Neptuni</span> <span class='ocrx_word' id='word_1_232' title='bbox 685 3246 882 3328; x_wconf 85' lang='lat' dir='ltr'>Aeginensis</span> <span class='ocrx_word' id='word_1_233' title='bbox 913 3247 985 3331; x_wconf 87' lang='lat' dir='ltr'>(cfr.</span> <span class='ocrx_word' id='word_1_234' title='bbox 1017 3247 1113 3313; x_wconf 88' lang='lat' dir='ltr'>Photi</span> <span class='ocrx_word' id='word_1_235' title='bbox 1145 3247 1215 3312; x_wconf 86' lang='lat' dir='ltr'>vita</span> <span class='ocrx_word' id='word_1_236' title='bbox 1246 3246 1331 3326; x_wconf 88' lang='lat' dir='ltr'>Hyp.</span> 
     </span>
     <span class='ocr_line' id='line_1_29' title="bbox 163 3350 1334 3437; baseline -0.006 -19"><span class='ocrx_word' id='word_1_237' title='bbox 163 3372 193 3433; x_wconf 89' lang='lat' dir='ltr'>p.</span> <span class='ocrx_word' id='word_1_238' title='bbox 218 3358 282 3419; x_wconf 85' lang='lat'>496</span> <span class='ocrx_word' id='word_1_239' title='bbox 307 3374 327 3420; x_wconf 90' lang='lat' dir='ltr'>a</span> <span class='ocrx_word' id='word_1_240' title='bbox 352 3354 425 3437; x_wconf 74' lang='lat'>27),</span> <span class='ocrx_word' id='word_1_241' title='bbox 454 3353 569 3420; x_wconf 92' lang='lat' dir='ltr'>deinde</span> <span class='ocrx_word' id='word_1_242' title='bbox 601 3354 686 3435; x_wconf 91' lang='lat' dir='ltr'>apud</span> <span class='ocrx_word' id='word_1_243' title='bbox 714 3354 883 3434; x_wconf 87' lang='lat' dir='ltr'>utrumque</span> <span class='ocrx_word' id='word_1_244' title='bbox 915 3359 1079 3419; x_wconf 87' lang='lat' dir='ltr'>auctorem</span> <span class='ocrx_word' id='word_1_245' title='bbox 1110 3355 1211 3418; x_wconf 89' lang='lat' dir='ltr'>verba</span> <span class='ocrx_word' id='word_1_246' title='bbox 1243 3350 1334 3428; x_wconf 77' lang='grc' dir='ltr'><em>δόξας</em></span> 
     </span>
     <span class='ocr_line' id='line_1_30' title="bbox 163 3451 1332 3548; baseline 0.002 -28"><span class='ocrx_word' id='word_1_247' title='bbox 163 3458 196 3522; x_wconf 75' lang='grc' dir='ltr'>δὲ</span> <span class='ocrx_word' id='word_1_248' title='bbox 219 3465 476 3548; x_wconf 71' lang='grc' dir='ltr'><em>κεκοινωνηκέναι</em></span> <span class='ocrx_word' id='word_1_249' title='bbox 502 3468 567 3524; x_wconf 80' lang='grc' dir='ltr'>τῶν</span> <span class='ocrx_word' id='word_1_250' title='bbox 591 3468 755 3545; x_wconf 80' lang='grc' dir='ltr'><em>Περσικῶν</em></span> <span class='ocrx_word' id='word_1_251' title='bbox 775 3458 946 3546; x_wconf 73' lang='grc' dir='ltr'><em>χρημάτων</em></span> <span class='ocrx_word' id='word_1_252' title='bbox 969 3451 1124 3546; x_wconf 65' lang='grc' dir='ltr'><em>Ἐφιάλτῃ</em></span> <span class='ocrx_word' id='word_1_253' title='bbox 1148 3458 1332 3543; x_wconf 78' lang='lat' dir='ltr'>(Pseurlopl.</span> 
     </span>
     <span class='ocr_line' id='line_1_31' title="bbox 163 3567 1333 3651; baseline -0.001 -20"><span class='ocrx_word' id='word_1_254' title='bbox 163 3584 193 3631; x_wconf 88' lang='lat' dir='ltr'>v.</span> <span class='ocrx_word' id='word_1_255' title='bbox 222 3572 271 3632; x_wconf 91' lang='lat' dir='ltr'>ll.</span> <span class='ocrx_word' id='word_1_256' title='bbox 298 3574 337 3633; x_wconf 79' lang='lat'>12</span> <span class='ocrx_word' id='word_1_257' title='bbox 364 3606 403 3615; x_wconf 89' lang='lat'>-</span> <span class='ocrx_word' id='word_1_258' title='bbox 428 3569 522 3634; x_wconf 88' lang='lat' dir='ltr'>Phot.</span> <span class='ocrx_word' id='word_1_259' title='bbox 547 3588 576 3649; x_wconf 93' lang='lat' dir='ltr'>p.</span> <span class='ocrx_word' id='word_1_260' title='bbox 602 3572 666 3631; x_wconf 83' lang='lat'>495</span> <span class='ocrx_word' id='word_1_261' title='bbox 691 3569 712 3633; x_wconf 95' lang='lat' dir='ltr'>b</span> <span class='ocrx_word' id='word_1_262' title='bbox 735 3567 807 3651; x_wconf 78' lang='lat'>42),</span> <span class='ocrx_word' id='word_1_263' title='bbox 832 3586 892 3648; x_wconf 87' lang='lat' dir='ltr'>quo</span> <span class='ocrx_word' id='word_1_264' title='bbox 917 3574 1089 3632; x_wconf 87' lang='lat' dir='ltr'>servantur</span> <span class='ocrx_word' id='word_1_265' title='bbox 1113 3567 1233 3648; x_wconf 86' lang='lat' dir='ltr'>ordine,</span> <span class='ocrx_word' id='word_1_266' title='bbox 1265 3586 1333 3631; x_wconf 81' lang='lat' dir='ltr'>curm</span> 
     </span>
     <span class='ocr_line' id='line_1_32' title="bbox 164 3672 1336 3757; baseline -0.001 -21"><span class='ocrx_word' id='word_1_267' title='bbox 164 3688 292 3737; x_wconf 89' lang='lat' dir='ltr'>sensum</span> <span class='ocrx_word' id='word_1_268' title='bbox 322 3694 384 3739; x_wconf 93' lang='lat' dir='ltr'>non</span> <span class='ocrx_word' id='word_1_269' title='bbox 414 3677 603 3757; x_wconf 89' lang='lat' dir='ltr'>praebeant,</span> <span class='ocrx_word' id='word_1_270' title='bbox 632 3674 770 3740; x_wconf 89' lang='lat' dir='ltr'>alterum</span> <span class='ocrx_word' id='word_1_271' title='bbox 800 3693 840 3738; x_wconf 85' lang='lat' dir='ltr'>ex</span> <span class='ocrx_word' id='word_1_272' title='bbox 870 3674 1004 3739; x_wconf 90' lang='lat' dir='ltr'>alterius</span> <span class='ocrx_word' id='word_1_273' title='bbox 1035 3674 1117 3738; x_wconf 89' lang='lat' dir='ltr'>libro</span> <span class='ocrx_word' id='word_1_274' title='bbox 1149 3678 1183 3737; x_wconf 91' lang='lat' dir='ltr'>et</span> <span class='ocrx_word' id='word_1_275' title='bbox 1212 3672 1278 3737; x_wconf 89' lang='lat' dir='ltr'>alia</span> <span class='ocrx_word' id='word_1_276' title='bbox 1302 3679 1336 3735; x_wconf 90' lang='lat' dir='ltr'>et</span> 
     </span>
     <span class='ocr_line' id='line_1_33' title="bbox 164 3779 879 3861; baseline 0.003 -19"><span class='ocrx_word' id='word_1_277' title='bbox 164 3797 304 3843; x_wconf 86' lang='lat' dir='ltr'>errorem</span> <span class='ocrx_word' id='word_1_278' title='bbox 328 3780 595 3861; x_wconf 77' lang='lat' dir='ltr'>transsumpsisse</span> <span class='ocrx_word' id='word_1_279' title='bbox 619 3779 795 3845; x_wconf 88' lang='lat' dir='ltr'>verisimile</span> <span class='ocrx_word' id='word_1_280' title='bbox 818 3785 879 3844; x_wconf 91' lang='lat' dir='ltr'>est.</span> 
     </span>
    </p>

    <p class='ocr_par' dir='ltr' id='par_1_5' title="bbox 144 3884 1335 4289">
     <span class='ocr_line' id='line_1_34' title="bbox 254 3884 1334 3965; baseline -0.002 -16"><span class='ocrx_word' id='word_1_281' title='bbox 254 3884 317 3949; x_wconf 86' lang='lat' dir='ltr'>Sed</span> <span class='ocrx_word' id='word_1_282' title='bbox 349 3885 430 3950; x_wconf 74' lang='lat' dir='ltr'>llaec</span> <span class='ocrx_word' id='word_1_283' title='bbox 459 3884 584 3965; x_wconf 87' lang='lat' dir='ltr'>quidem</span> <span class='ocrx_word' id='word_1_284' title='bbox 614 3886 787 3964; x_wconf 80' lang='lat' dir='ltr'>haetenus3</span> <span class='ocrx_word' id='word_1_285' title='bbox 823 3885 925 3951; x_wconf 88' lang='lat' dir='ltr'>multa</span> <span class='ocrx_word' id='word_1_286' title='bbox 956 3885 1053 3950; x_wconf 89' lang='lat' dir='ltr'>etiam</span> <span class='ocrx_word' id='word_1_287' title='bbox 1086 3885 1170 3965; x_wconf 89' lang='lat' dir='ltr'>apud</span> <span class='ocrx_word' id='word_1_288' title='bbox 1195 3886 1334 3950; x_wconf 85' lang='lat' dir='ltr'>Pseudo-</span> 
     </span>
     <span class='ocr_line' id='line_1_35' title="bbox 164 3990 1334 4073; baseline 0.001 -18"><span class='ocrx_word' id='word_1_289' title='bbox 164 3990 367 4072; x_wconf 89' lang='lat' dir='ltr'>plutarchum</span> <span class='ocrx_word' id='word_1_290' title='bbox 396 3996 430 4055; x_wconf 95' lang='lat' dir='ltr'>et</span> <span class='ocrx_word' id='word_1_291' title='bbox 453 3991 601 4055; x_wconf 86' lang='lat' dir='ltr'>Photium</span> <span class='ocrx_word' id='word_1_292' title='bbox 631 3991 848 4073; x_wconf 78' lang='lat' dir='ltr'>inveniundo,</span> <span class='ocrx_word' id='word_1_293' title='bbox 882 4011 963 4072; x_wconf 90' lang='lat' dir='ltr'>quae</span> <span class='ocrx_word' id='word_1_294' title='bbox 993 3992 1078 4055; x_wconf 90' lang='lat' dir='ltr'>inter</span> <span class='ocrx_word' id='word_1_295' title='bbox 1110 4010 1144 4056; x_wconf 88' lang='lat' dir='ltr'>se</span> <span class='ocrx_word' id='word_1_296' title='bbox 1176 4010 1236 4054; x_wconf 92' lang='lat' dir='ltr'>non</span> <span class='ocrx_word' id='word_1_297' title='bbox 1262 4011 1334 4056; x_wconf 88' lang='lat' dir='ltr'>con-</span> 
     </span>
     <span class='ocr_line' id='line_1_36' title="bbox 144 4093 1334 4184; baseline -0.004 -22"><span class='ocrx_word' id='word_1_298' title='bbox 144 4104 294 4177; x_wconf 77' lang='lat' dir='ltr'>-gruunt</span> <span class='ocrx_word' id='word_1_299' title='bbox 327 4093 339 4184; x_wconf 54' lang='lat' dir='ltr'>J</span> <span class='ocrx_word' id='word_1_300' title='bbox 356 4099 405 4162; x_wconf 90' lang='lat' dir='ltr'>Ac</span> <span class='ocrx_word' id='word_1_301' title='bbox 440 4097 576 4179; x_wconf 90' lang='lat' dir='ltr'>primum</span> <span class='ocrx_word' id='word_1_302' title='bbox 610 4097 735 4177; x_wconf 85' lang='lat' dir='ltr'>quidem</span> <span class='ocrx_word' id='word_1_303' title='bbox 771 4097 907 4163; x_wconf 88' lang='lat' dir='ltr'>Photius</span> <span class='ocrx_word' id='word_1_304' title='bbox 942 4098 1044 4163; x_wconf 90' lang='lat' dir='ltr'>multa</span> <span class='ocrx_word' id='word_1_305' title='bbox 1079 4117 1159 4179; x_wconf 84' lang='lat' dir='ltr'>quae</span> <span class='ocrx_word' id='word_1_306' title='bbox 1195 4097 1334 4163; x_wconf 85' lang='lat' dir='ltr'>Pseudo-</span> 
     </span>
     <span class='ocr_line' id='line_1_37' title="bbox 165 4204 1335 4289; baseline -0.004 -17"><span class='ocrx_word' id='word_1_307' title='bbox 165 4206 353 4289; x_wconf 86' lang='lat' dir='ltr'>plutarchus</span> <span class='ocrx_word' id='word_1_308' title='bbox 369 4207 478 4289; x_wconf 87' lang='lat' dir='ltr'>prodit</span> <span class='ocrx_word' id='word_1_309' title='bbox 493 4205 603 4273; x_wconf 90' lang='lat' dir='ltr'>omisit</span> <span class='ocrx_word' id='word_1_310' title='bbox 617 4224 675 4271; x_wconf 84' lang='lat' dir='ltr'>seu</span> <span class='ocrx_word' id='word_1_311' title='bbox 690 4205 836 4272; x_wconf 84' lang='lat' dir='ltr'>consulto</span> <span class='ocrx_word' id='word_1_312' title='bbox 853 4225 910 4271; x_wconf 90' lang='lat' dir='ltr'>seu</span> <span class='ocrx_word' id='word_1_313' title='bbox 926 4204 1150 4287; x_wconf 80' lang='lat' dir='ltr'>neglegentia3</span> <span class='ocrx_word' id='word_1_314' title='bbox 1177 4205 1206 4270; x_wconf 91' lang='lat' dir='ltr'>io</span> <span class='ocrx_word' id='word_1_315' title='bbox 1221 4205 1335 4285; x_wconf 68' lang='lat' dir='ltr'>quibos¹</span> 
     </span>
    </p>
   </div>
   <div class='ocr_carea' id='block_1_5' title="bbox 0 0 1503 4746">
    <p class='ocr_par' dir='ltr' id='par_1_6' title="bbox 0 0 1503 4746">
     <span class='ocr_line' id='line_1_38' title="bbox 0 0 1503 4746; baseline 0 0"><span class='ocrx_word' id='word_1_316' title='bbox 0 0 1503 4746; x_wconf 95' lang='lat' dir='ltr'> </span> 
     </span>
    </p>
   </div>
  </div>
 </body>
</html>
