2970 4746
632 288 845 382 ..ιι-

153 500 295 576 47*53,
325 495 469 578 Lycurgi
492 515 521 562 v.
548 501 695 579 69-83,
726 497 954 562 Demosthenis
979 517 1008 564 v.
1038 493 1231 582 140-1'45,
1263 499 1330 565 alia

154 601 422 683 amplificationes
457 601 642 686 continent,
678 621 761 684 quae
793 602 999 669 necessariae
1029 623 1092 669 non
1123 609 1208 670 sunt.
1265 605 1330 672 Sed

154 708 249 789 plura
271 708 311 773 de
334 707 403 791 his,
427 707 545 790 quippe
569 711 708 790 quaein
732 728 888 790 suspenso
921 709 1132 792 relinquenda
1161 711 1242 795 sint,
1266 731 1330 777 non

155 814 298 879 afferam.
338 815 428 897 Quae
453 814 503 879 liis
527 815 668 881 exclusis
691 820 820 880 restant
842 815 944 882 vitam
967 816 1153 898 primariam
1177 817 1329 900 implent,

155 938 230 984 nam
254 919 362 985 omnia
385 925 516 986 servato
541 920 668 1003 ordine,
693 940 756 987 uno
785 927 897 987 tenore
920 922 1071 988 continuo
1095 922 1219 1005 scripta
1244 930 1329 1008 sunt,

155 1025 205 1092 ita
234 1030 271 1090 ut
299 1026 393 1092 unius
428 1027 571 1093 auctoris
601 1027 731 1110 ingenio
761 1027 905 1094 tribuere
936 1048 998 1094 uon
1026 1029 1221 1096 dubitemus.
1276 1031 1331 1097 Sic

156 1149 228 1197 mea
252 1132 417 1198 sententia
439 1133 586 1199 concludi
609 1138 718 1216 potest
741 1153 781 1200 ex
805 1134 946 1200 vitarum
961 1136 1192 1218 compositione
1212 1137 1330 1218 prioris

156 1237 261 1321 partis
293 1245 456 1305 auctorem
484 1239 724 1306 commentariis
756 1260 836 1324 quos
866 1241 1000 1323 scripsit
1027 1244 1069 1308 ad
1098 1248 1246 1309 oratores
1276 1245 1330 1325 quui

156 1350 314 1412 vocantur
345 1344 449 1411 Attici
484 1345 693 1428 praemisisse
728 1349 858 1413 brevem
894 1347 1010 1431 vitam,
1042 1348 1075 1414 in
1109 1368 1203 1432 quam
1234 1339 1330 1431 quae·

157 1469 290 1533 cumque
319 1453 361 1517 ad
393 1436 533 1517 oratoris
557 1472 662 1518 mores
691 1458 859 1536 artemque
890 1455 1083 1520 rhetoricam
1108 1458 1331 1538 cognoscenda

158 1556 224 1622 sibi
246 1557 319 1623 visa
343 1562 420 1623 sunt
435 1559 568 1640 recepit.
604 1559 643 1624 In
667 1559 726 1625 hoc
750 1566 856 1626 autem
874 1563 1064 1627 monendum
1080 1567 1132 1628 est
1149 1562 1219 1628 sine
1236 1563 1331 1630 dubio

157 1668 247 1728 certo
282 1663 415 1730 consilio
449 1663 538 1730 illum
574 1665 755 1750 scripsisse,
790 1668 830 1733 de
865 1667 1010 1734 omnibus
1046 1668 1123 1735 vitis
1159 1669 1331 1752 scripsisse

158 1774 316 1853 oportere,
347 1788 417 1835 cum
442 1770 588 1836 omnibus
615 1771 750 1839 invitis
783 1792 823 1837 ex
854 1773 1065 1855 dispositione
1095 1776 1234 1856 quadam
1266 1775 1330 1842 siu-

157 1876 254 1958 gulae
278 1875 462 1943 sententiae
485 1878 573 1944 inter
596 1897 631 1944 se
655 1884 875 1945 conectantur.
901 1919 944 1926 -

247 1984 297 2048 Ad
328 1984 523 2050 auctaria
553 1985 736 2066 veniamne,
768 1985 788 2050 i.
821 2006 848 2052 e.
878 1988 920 2052 ad
947 1988 1158 2068 posteriorem
1186 1988 1328 2054 vitarum

158 2093 301 2174 partem,
333 2108 415 2171 quae
446 2097 521 2172 post
544 2110 598 2157 eos
630 2111 744 2158 versus
769 2092 932 2177 sequitur,
956 2093 990 2158 in
1014 2093 1130 2175 quibus
1154 2095 1266 2177 agitur
1292 2097 1331 2161 de

159 2195 371 2262 orationibus.
419 2196 481 2262 His
509 2197 541 2262 in
574 2198 731 2264 auctariis
754 2237 799 2244 —
822 2200 882 2264 hoc
913 2201 1070 2265 vocabulo
1100 2201 1247 2266 sollemni
1271 2222 1330 2268 usu

160 2304 298 2369 alteram
314 2304 454 2370 vitarum
471 2311 597 2387 partem
615 2305 804 2388 significabo
828 2343 868 2352 --
894 2306 1034 2390 fabulae,
1059 2308 1332 2391 narratiunculae,

160 2410 387 2494 repetitiones,
423 2411 690 2493 amplificationes
721 2413 894 2478 traduntur
930 2420 1021 2478 certa
1055 2414 1267 2495 dispositione
1300 2415 1333 2479 in

161 2517 298 2600 singulis
330 2517 408 2583 vitis
440 2519 599 2601 neglecta.
647 2520 737 2601 Quae
765 2524 802 2583 ut
829 2518 1050 2604 illustrentur,
1083 2521 1158 2602 quid
1188 2520 1268 2587 insit
1300 2522 1331 2586 in

161 2625 318 2691 auctariis
342 2625 482 2692 vitarum
506 2626 895 2707 Pseudoplutarchearum
919 2627 1084 2692 addamus.
1131 2628 1240 2708 Atque
1269 2628 1333 2710 pri-

160 2751 244 2796 mum
268 2731 413 2815 quidem,
437 2731 529 2796 utin
554 2731 800 2813 additamentis,
826 2733 864 2797 de
889 2732 1003 2812 quibus
1028 2753 1127 2815 supra
1157 2732 1238 2818 dixi,
1256 2754 1333 2816 per·

161 2838 281 2904 multae
313 2838 525 2920 repetitiones
557 2842 655 2921 atque
690 2839 957 2920 amplificationes
992 2839 1219 2924 inveniuntur,
1251 2861 1335 2923 quae

160 2944 224 3011 iam
249 2944 361 3011 insunt
383 2950 441 3010 aut
469 2944 502 3010 in
536 2944 692 3027 primaria
715 2945 786 3011 vita
810 2949 865 3010 aut
891 2945 923 3009 in
947 2946 1188 3012 additamentis
1237 2948 1336 3012 Velut

160 3051 195 3116 in
220 3051 289 3118 vita

250 3159 520 3242 Antiphontis
548 3180 578 3227 v.
605 3165 734 3225 68--72
759 3161 801 3225 ad
824 3180 854 3227 v.
881 3167 921 3226 56
946 3161 1118 3244 referendi,
1143 3162 1197 3242 qui
1221 3168 1273 3228 est
1296 3164 1336 3227 de

162 3265 377 3347 orationibus3
403 3286 485 3348 quae
500 3268 652 3350 leguntur
668 3287 698 3333 v.
718 3273 758 3331 65
784 3267 849 3332 iam
865 3269 977 3333 eadem
1001 3269 1052 3332 vel
1070 3268 1189 3333 similia
1205 3269 1334 3350 quidem

162 3374 321 3456 praebent
345 3393 374 3439 v.
400 3379 504 3455 8——93
530 3395 559 3439 v.
588 3380 627 3438 10
652 3374 691 3440 cf.
717 3392 743 3437 c.
769 3394 799 3439 v.
826 3380 876 3437 22.

254 3480 401 3563 Lysiae
432 3502 460 3547 v.
488 3487 529 3546 52
554 3499 622 3562 sqq.
653 3486 804 3562 repetunt
832 3482 884 3547 vel
914 3481 1020 3561 potius
1049 3480 1214 3561 explicant
1239 3503 1267 3546 v.
1294 3489 1335 3547 lo

160 3608 244 3672 squ,
269 3588 323 3655 ubi
348 3589 511 3655 orationes
529 3594 829 3667 commemorantur,
855 3587 934 3653 item
958 3590 996 3652 de
1014 3588 1159 3652 oratione
1184 3591 1337 3653 nonnulla

163 3696 347 3762 accuratius
383 3697 615 3763 adumbrantur
644 3716 673 3760 v.
709 3701 848 3759 66-73.
904 3695 977 3758 Hac
1008 3694 1040 3757 in
1069 3693 1139 3759 vita
1174 3693 1273 3759 etiam
1304 3696 1335 3759 in

164 3803 396 3870 additamentis
420 3803 501 3885 ipsis
525 3802 677 3884 repetitio
701 3801 848 3880 ostendit,
879 3800 929 3865 bis
954 3800 1053 3879 enim,
1078 3800 1207 3865 etiamsi
1232 3801 1337 3867 altero

163 3911 233 3976 loco
250 3910 354 3976 iirsius
371 3915 470 3994 atque
495 3909 633 3991 uberim,
652 3907 859 3972 inveniuntur
883 3926 912 3972 v.
939 3913 1067 3970 ull-67
1088 3936 1128 3957 :2
1147 3926 1175 3970 v.
1195 3915 1335 3973 dis-71.

253 4017 455 4084 Isocratis
482 4021 702 4082 v.138--155
727 4014 912 4079 referuntur
936 4032 953 4077 e
977 4012 1094 4094 prioris
1119 4012 1207 4077 vitae
1233 4016 1338 4094 partis

165 4127 397 4193 additamentis
421 4145 451 4191 v.
479 4127 607 4189 70—73
632 4126 666 4188 et
689 4127 837 4187 87—96:
860 4139 892 4184 v.
918 4125 980 4185 117
1005 4118 1140 4200 respicit
1163 4119 1204 4184 ad
1229 4139 1257 4184 v.
1283 4128 1337 4189 lt:

165 4257 195 4306 v.
224 4242 397 4307 lul-158
428 4237 524 4307 adv.
551 4235 608 4299 ls'
1085 4242 1104 4248 “
1141 4228 1269 4291 ⁷0-7l
1305 4235 1339 4293 et
