2970 4746
649 250 689 312 41

78 461 270 545 Lycurgi
294 482 323 528 v.
350 467 480 526 611--67
504 461 667 526 fluxerunt
690 481 708 525 e
725 459 893 526 Plutarchi
909 457 1081 525 Phocionis
1098 479 1124 523 o.
1143 459 1260 524 XXIX

725 566 863 634 Flamin.
890 567 967 632 XII.

171 728 184 756 „
295 727 307 756 „
345 682 384 739 70
409 692 457 755 sq.
575 726 588 753 „
694 675 813 755 „Hyp
839 674 933 757 t'rgm.
963 678 1034 738 lai.

171 834 184 862 „
295 831 308 860 „
343 787 385 845 89
411 799 458 862 sq.
577 832 590 860 ,‚
695 779 949 861 „psephismate
972 799 1002 845 v.
1032 783 1102 844 174.
1270 837 1284 857 „

172 941 184 968 „
294 941 307 968 „
345 894 517 952 1112--125
553 889 637 953 unde
671 885 826 952 fluxerint
864 892 953 952 certo
989 885 1159 952 cliiiidioari
1198 905 1260 951 non

247 1000 371 1078 potest3
401 993 503 1075 stirps
534 993 567 1059 in
597 993 637 1060 iis
665 994 753 1059 iuest
774 992 926 1076 Lycurgi,
951 1011 1034 1074 rpuae
1058 998 1147 1058 certe
1173 991 1260 1058 iuve-

247 1101 396 1167 uiehatur
438 1100 469 1164 iu
511 1100 657 1166 historiis
693 1099 815 1166 Atticis
851 1119 932 1181 quae
972 1106 1139 1165 vocantur.
1199 1099 1261 1165 His

247 1214 354 1276 autem
388 1213 520 1290 praeter
557 1214 683 1273 ceteros
714 1227 844 1289 liparam
876 1206 1011 1274 navavit
1039 1206 1260 1288 Philochorus,

248 1318 289 1382 ad
313 1334 415 1399 quein,
439 1335 508 1381 orror
533 1315 652 1381 citetur
676 1315 707 1380 iu
724 1315 813 1399 vitis,
837 1317 896 1381 hos
912 1334 1026 1382 versus
1042 1314 1149 1381 redire
1164 1314 1262 1380 facile

248 1428 357 1504 potest
380 1421 491 1488 conioi.

86 1567 290 1634 lleiuosth.
316 1587 345 1632 v.
371 1574 406 1631 ὃς
433 1558 477 1640 ὡς
499 1565 532 1629 δὲ
554 1559 705 1653 ίΙΙγήσηις
729 1560 746 1630 ὁ
770 1564 899 1653 Μάγνης
924 1571 1013 1653 φησί.

195 1726 200 1753 ,
328 1725 341 1753 ‚,
385 1679 439 1738 17:
466 1666 510 1751 «ig
533 1671 565 1736 δὲ
591 1671 763 1759 Κτησίβιός
788 1694 878 1759 φησι.

177 1819 267 1900 Quae
299 1815 411 1882 insunt
440 1837 469 1882 v.
496 1820 626 1882 30—43
658 1817 788 1883 t'abulae
815 1817 854 1882 cle
879 1818 1096 1883 Demosthene
1120 1822 1154 1883 et
1177 1818 1261 1900 apud

86 1906 301 1990 Plutarchum
332 1929 365 1989 et
395 1924 480 2005 apud
504 1923 689 1990 Ciceronem
714 1929 812 2004 atque
837 1923 1071 2021 Quintilianum
1096 1925 1261 2006 leguntur3

85 2032 148 2097 hae
165 2049 275 2096 omnes
293 2036 384 2096 ortae
402 2036 477 2097 sunt
493 2051 533 2096 ex
550 2031 753 2112 antiquorum
770 2035 937 2097 auctorum
954 2030 1094 2113 scriptis
1133 2029 1260 2114 Quinti-

85 2137 210 2203 lianum
239 2137 444 2220 atticerone,
476 2138 561 2203 huno
590 2137 693 2218 ipsum
717 2157 758 2202 ex
782 2137 926 2226 tontibus
951 2136 1088 2204 Graecis
1113 2136 1262 2203 hausisse

86 2243 170 2309 satis
195 2248 333 2309 constat.
377 2244 472 2325 Apud
496 2249 645 2309 auctores
669 2245 832 2309 Romanos
855 2242 913 2309 illa
937 2243 1040 2309 fusius
1064 2248 1163 2326 atque
1186 2245 1261 2309 uhe-

86 2349 152 2415 rius
186 2353 388 2432 tractantur,
422 2351 478 2416 sed
507 2370 561 2416 res
592 2350 684 2432 ipsae
708 2355 780 2416 arte
805 2369 876 2433 cum
899 2350 1019 2416 fabulis
1044 2371 1064 2416 a
1087 2350 1262 2416 Plutarcho

85 2456 251 2523 enarratis
275 2455 520 2540 coniunguntur,
544 2463 582 2522 ut
605 2456 748 2523 eiusdem
771 2455 908 2540 originis
924 2475 997 2523 esse
1014 2456 1191 2524 verisimile
1208 2456 1261 2522 sit.

86 2567 177 2647 Quae
215 2563 304 2646 origo
340 2564 439 2629 fuerit
470 2563 639 2630 diiudicari
668 2584 731 2629 non
761 2569 887 2646 potest,
926 2583 995 2630 oum
1032 2568 1140 2630 autem
1177 2565 1262 2645 apud

87 2670 297 2736 Plutarchum
311 2670 491 2754 Hermippi,
508 2672 593 2752 apud
606 2671 937 2753 Pseudoplutarohnm
950 2670 1135 2737 Philochori
1148 2656 1261 2736 nomen

87 2778 247 2860 tradatur,
279 2797 319 2843 ex
347 2798 409 2843 uuo
433 2779 579 2845 alterove
602 2779 714 2843 horum
739 2777 931 2859 scriptorum
955 2778 1084 2844 fabulas
1108 2777 1183 2843 illas
1207 2798 1261 2843 ex-

87 2883 250 2966 cerpsisse
274 2890 438 2952 auctorem
462 2886 547 2951 haud
571 2886 712 2952 absurde
736 2885 886 2955 conicies.

84 3028 282 3093 Demosth.
307 3048 337 3095 v.
365 3033 405 3093 53
431 3028 470 3094 of.
497 3047 522 3093 o.
549 3029 633 3094 Plut.
658 3029 750 3094 Dem'.
776 3028 823 3093 VI
849 3033 900 3097 25.

314 3188 329 3216 „
361 3143 401 3201 55
442 3187 455 3216 „
502 3187 514 3216 „
549 3136 667 3201 Athen.
686 3136 772 3200 XIII
790 3138 853 3200 583
870 3135 909 3218 F,
934 3134 988 3216 qui
1011 3135 1132 3200 iontem
1160 3142 1261 3217 „iup-

436 3240 508 3318 aeto
532 3235 549 3305 ὁ
573 3240 711 3323 Σάμιος“
740 3241 894 3309 nominat.

179 3400 191 3429 „
316 3401 329 3430 „
363 3355 493 3415 58-60
518 3349 576 3415 ref.
594 3349 636 3415 ad
652 3348 817 3416 Ciceronis
842 3355 924 3416 orat.
953 3354 1003 3415 17.
1031 3355 1088 3430 56;
1112 3350 1152 3416 de
1177 3354 1261 3415 orat.

518 3457 639 3523 11156.
666 3461 739 3522 213.
777 3458 899 3523 Brutus
918 3463 969 3540 38,
989 3462 1061 3522 142.
1087 3457 1127 3522 cf.
1148 3455 1258 3540 Quint.

516 3564 567 3628 XI
591 3568 619 3646 3,
646 3570 675 3629 6.

184 3721 190 3750 ‚
316 3721 328 3750 „
361 3674 402 3735 63
428 3690 474 3753 sq.
500 3689 540 3736 ex
563 3669 732 3737 Plutarchi
757 3671 924 3737 Demosth.
951 3671 1002 3737 IX
1026 3677 1077 3736 25.

177 3828 190 3857 ‚,
316 3829 329 3857 „
368 3783 428 3842 167
454 3797 501 3859 sq.
528 3776 648 3859 sumpti
672 3797 712 3843 ex
736 3775 937 3861 Philochoro
962 3782 999 3843 ut
1023 3777 1162 3846 additur.

185 3934 191 3962 ,
317 3935 329 3964 ‚‚
368 3889 429 3948 183
455 3905 501 3965 sq.
519 3884 598 3949 duos
615 3883 734 3950 liberos
751 3884 873 3950 oratori
890 3884 992 3952 fuisse
1005 3906 1045 3951 ex
1058 3906 1122 3953 una
1134 3887 1260 3953 entiam-

454 4007 515 4072 que
547 4009 645 4057 uxore
676 3991 819 4058 tortasse
848 3992 933 4058 male
962 3991 1126 4058 intellexit
1150 3998 1262 4058 auctor

454 4118 494 4164 ex
510 4097 680 4164 Athenaeo
697 4098 784 4164 XIII
801 4104 864 4165 592
889 4099 950 4164 EF
974 4097 1083 4184 (huius
1106 4099 1168 4165 loni
1189 4099 1262 4163 fons

458 4204 656 4288 appellatur:
683 4199 726 4281 ὥς
751 4224 849 4291 φησιν
872 4196 1067 4291 Ἰδομενεύς).
