2970 4746
735 271 776 334 66

318 477 373 544 καὶ
402 478 549 545 θανάτου
580 473 668 558 όντος
686 479 868 564 ,ἐπιτιμίου
902 474 1023 546 άλιῦναι
1059 481 1193 571 ἐποίησε
1226 485 1282 549 καί
1319 485 1346 550 ν’

229 592 290 651 140
319 585 461 671 δραχμάς
484 583 518 651 ἐκ
541 595 597 675 της
620 579 732 665 ούσίας
756 581 853 653 αὐτοῦ
876 587 1001 673 ἑκάστῳ
1024 598 1089 653 τῶν
1111 591 1257 656 πολιτῶν
1279 591 1346 657 διέ-

317 716 420 774 νειμε,
456 702 520 758 τιῦν
554 692 691 761 πάντων.
719 699 944 776 συναχθέντων
972 695 1139 762 ταλάντων
1168 697 1225 783 ρξ’,
1256 695 1276 786 ἢ
1301 693 1347 776 ιὶίς

234 797 241 804 '
316 822 401 875 τινες
419 808 509 881 μνᾶν.
547 792 615 864 όδ
639 793 779 878 εύθύνας
798 793 1048 888 Ἀριστογείτονα
1071 805 1125 866 καὶ
1149 805 1346 892 Λεωκράτην

315 905 367 969 καὶ
385 898 566 973 Λύτόλυκον
583 907 736 984 δειλίας*.
768 906 955 973 ἐπεκαλεῖτο
973 902 1000 972 δ’
1026 903 1043 972 ό
1061 919 1247 995 Λυκοῦργος
1270 909 1344 994 ἱγίις,

411 1010 474 1096 ἱηδις
498 1013 682 1099 Λυκούργῳ,
708 1023 918 1102 Χαιρεφωντι
943 1021 1093 1101 νυκτερίς.

229 1123 290 1185 145
320 1129 456 1205 κατηγον
483 1118 516 1183 δὲ
545 1118 582 1185 τό
610 1125 699 1204 γίνος
727 1113 894 1186 άπωτάτω
917 1123 975 1203 μὲν
998 1114 1058 1187 άπ’
1083 1114 1264 1207 Ἐρεχθέως
1288 1136 1346 1192 τοῦ

318 1236 378 1314 Γης
412 1228 466 1291 καὶ
496 1213 699 1314 (Ηφαίστοο,
723 1228 764 1291 τά
793 1220 821 1290 δ’
850 1227 1013 1313 ἐγγυτάτω
1042 1221 1110 1296 άπὸ
1137 1231 1347 1318 Λυκομήδους

315 1335 368 1397 καί
398 1331 593 1419 Λυκούργου,
622 1331 677 1410 οὓς
707 1327 724 1398 ἱ)
751 1333 850 1422 δημος
877 1346 999 1422 ταφαῖς
1027 1334 1159 1423 ἐτίμησε
1192 1337 1343 1425 δημοσίῳ·

315 1440 369 1503 καὶ
394 1437 481 1506 ἔστιν
497 1433 575 1527 αἱίτη
599 1433 618 1527 ἡ
641 1439 810 1527 καταγωγὴ
834 1450 891 1504 τοῦ
915 1446 1023 1527 γένους
1045 1451 1108 1507 τῶν
1125 1442 1346 1529 ἱερασαμένων

317 1555 374 1610 τοῦ
391 1545 587 1623 Ποσειδῶνος
611 1544 643 1611 ἓν
666 1552 779 1612 πίνακι
802 1548 923 1632 τελείῳ,
949 1542 984 1625 δς
1006 1541 1175 1614 άνάκειται
1200 1549 1232 1615 ἐν
1254 1542 1344 1637 Ἐρε-

227 1660 289 1720 150
317 1656 423 1739 χθείῳ
452 1658 666 1738 γεγραμμένος
697 1647 754 1719 ύπ)
779 1647 936 1741 Ἰσμηνίου
971 1664 1027 1718 τοῦ
1057 1656 1256 1735 Χαλκιδέως,
1288 1660 1345 1723 καὶ

314 1759 434 1837 εἰκόνες
465 1758 585 1838 ξύλιναι
610 1769 666 1825 τοῦ
697 1785 732 1825 τε
756 1760 940 1847 Λυκούργου
970 1763 1024 1826 καὶ
1046 1769 1112 1827 τιῦν
1135 1761 1214 1827 οἱιῦν
1243 1755 1344 1829 αύτοο

307 1862 476 1954 Ἅβρωνος,
507 1866 702 1954 Λυκούργου,
733 1866 951 1956 Λυκόφρονος,
984 1867 1024 1945 ἃς
1060 1867 1251 1955 εἰργάσαντο
1284 1876 1342 1935 Τί-

313 1999 433 2060 μαρχος
460 1975 514 2038 καὶ
544 1972 766 2062 Κηφισόδοτος
797 1973 827 2037 οἱ
859 1973 1070 2060 Πραξιτέλους
1097 1973 1188 2052 υἱεῖς.
1217 1974 1272 2040 τόν
1309 1978 1344 2041 δὲ

316 2085 437 2147 πίνακα
465 2073 623 2168 άνίθηκεν
643 2076 762 2168 Ἅβρων
791 2074 808 2144 ό
839 2093 917 2158 παῖς
949 2073 1048 2145 αύτοῦ
1082 2081 1187 2164 λαχιὺν
1214 2080 1248 2147 ἐκ
1285 2095 1343 2148 του

225 2197 287 2256 155
316 2195 424 2274 γένους
458 2188 514 2277 τὴν
554 2187 728 2276 ἱερωσύνην
762 2191 816 2252 καὶ
851 2186 1087 2277 παραχωρήσας
1126 2198 1172 2274 τη]
1210 2181 1344 2277 άδελφῳ

314 2293 510 2383 Λυκόφρονι,
538 2296 593 2359 καὶ
620 2293 672 2359 διὰ
695 2303 791 2360 τοῦτο
814 2299 992 2382 πεποίηται
1016 2287 1171 2382 όἍβρων
1199 2297 1343 2381 παραδι-

315 2400 385 2480 δούς
414 2395 502 2488 αύτῷ
529 2400 586 2489 τὴν
612 2406 766 2489 τρίαιναν.
796 2400 929 2467 πάντιον
953 2394 981 2466 δ’
1006 2392 1050 2467 ὧν
1077 2402 1231 2490 διῴκησεν
1259 2395 1343 2468 άνα-

314 2507 440 2597 γραφὴν
472 2506 692 2595 ποιησάμενος
724 2499 880 2595 άνέθηκεν
909 2506 942 2574 ἐν
970 2507 1069 2595 στήλη
1104 2507 1168 2594 πρὸ
1196 2518 1252 2596 της
1283 2503 1342 2574 ὑπ’

316 2608 414 2682 αύτοά
429 2619 748 2702 κατασκευασθείσης
763 2615 965 2701 παλαίστρας
987 2626 1122 2680 σκοπεῖν
1145 2625 1214 2692 τοῖς
1228 2617 1341 2699 βουλο-

313 2727 431 2806 μένοις·
472 2714 576 2799 ούδεὶς
607 2727 718 2805 μέντοι
747 2720 885 2810 ε’δονηθη
919 2719 1041 2807 ἐλέγξαι
1071 2720 1127 2787 τὸν
1155 2715 1252 2807 άνδρα
1286 2747 1341 2788 νο-

226 2836 287 2896 160
317 2838 473 2917 σφισμοῦ.
506 2827 628 2916 ἐ’γραιμε
648 2829 681 2894 δὲ
696 2829 751 2895 καὶ
767 2827 993 2911 Νεοπτόλεμον
1006 2822 1198 2906 Ἀντικλέους
1213 2849 1341 2917 στεφα-

314 2945 415 3002 νῶσαι
438 2937 493 3001 καὶ
516 2934 623 3001 εἰκόνα
643 2927 828 3014 άναθεῖναι,
854 2930 905 3000 ὅτι
929 2933 1141 3022 ἐπηγγείλατο
1160 2935 1342 3021 χρυσώσειν

313 3042 369 3110 τὸν
391 3042 499 3127 βωμὸν
522 3053 580 3108 τοῦ
601 3035 798 3120 Λπόλλωνος
821 3040 853 3108 ἒν
877 3035 979 3130 άγορᾷ
1002 3041 1082 3107 κατά
1106 3042 1162 3131 τὴν
1184 3048 1341 3124 μαντείαν

315 3160 372 3216 τοῦ
412 3155 504 3216 θεοῦ.
563 3149 752 3238 ἑψηφίσατο
790 3149 823 3214 δὲ
861 3149 914 3213 καὶ
950 3155 1099 3235 Διοτίμῳ
1136 3154 1341 3226 Διοπείθους

313 3249 481 3340 Εύωνυμεῖ
504 3258 601 3341 τιμάς
625 3256 681 3322 ἐπὶ
704 3257 916 3344 Κτησικλέους
939 3250 1113 3344 άρχοντος].

506 3436 608 3504 v111.
632 3436 879 3508 Demosthenis
902 3438 986 3504 vita.

236 3542 283 3608 (cf.
303 3540 504 3610 Westermann‚
523 3559 550 3611 p.
571 3544 622 3597 281
642 3558 700 3610 sqq.
719 3541 801 3595 Photi
819 3540 883 3595 bibl.
904 3541 962 3595 cod.
981 3542 1033 3595 265
1052 3557 1078 3610 p.
1096 3543 1150 3594 492
1168 3541 1266 3611 sqq.)¹)

317 3649 342 3737 ²)
353 3655 564 3741 Λημοσθένης
581 3653 810 3737 Λημοσθένους
832 3648 886 3712 καὶ
903 3645 1099 3735 Κλεοβούλης
1122 3655 1178 3737 τῆς
1196 3646 1337 3724 Γύλωνος

312 3756 484 3844 θυγατρὸς,
515 3765 580 3823 τιῦν
610 3756 643 3821 δὲ
667 3754 772 3844 δημων
796 3753 980 3833 Παιανιεύς,
1012 3754 1249 3841 καταλειφθεὶς
1271 3747 1336 3819 ’όπό

314 3871 372 3928 τοῦ
403 3861 526 3949 πατρός
555 3861 635 3928 ίτων
658 3861 684 3942 ζ’
707 3853 779 3944 μετ)
803 3853 944 3948 άδελφης
975 3860 1180 3937 πενταετίδος
1202 3858 1258 3925 τὸν
1278 3860 1336 3943 μίν

313 3977 369 4057 της
400 3960 557 4056 δρφανίας
586 3968 699 4055 χρόνον
733 3966 821 4054 παρὰ
856 3974 895 4053 τῇ
926 3967 1023 4054 μητρὶ
1054 3967 1141 4055 διηγε
1175 3965 1334 4048 σχολάζων

253 4149 274 4215 ¹)
293 4149 360 4201 Pars
380 4147 453 4216 prior
472 4147 552 4200 Photi
572 4147 635 4200 inde
654 4164 670 4200 ο
689 4163 714 4214 p.
734 4145 812 4200 4901)
832 4145 884 4197 huc
904 4145 1010 4198 omnino
1031 4162 1083 4198 non
1102 4143 1234 4214 pertinet.

251 4236 274 4307 2)
292 4235 408 4290 Photius
427 4251 453 4305 p.
471 4235 549 4290 ‹1921›
567 4238 612 4291 21.
