2970 4746
811 280 853 347 34

721 374 933 381 ψ...-

242 492 452 577 scriptionum
487 495 686 578 publicarum
721 495 817 562 valde
854 495 1041 561 abhorrent.
1089 495 1180 578 Quod
1214 494 1278 560 iam
1314 495 1418 577 ipsum

241 601 364 668 decreti
398 601 526 667 initium
556 603 659 667 docet.
708 596 879 667 Omittitur
914 601 999 666 enim
1035 601 1137 688 φυλῆς
1164 600 1420 688 rcpeoormnnioqq·

242 727 365 792 nomen,
390 714 512 791 contra,
537 710 621 791 quod
641 727 774 791 prorsus
790 708 970 774 inauditum
993 713 1045 774 est
1061 707 1093 772 in
1111 708 1253 774 decretis
1269 709 1419 775 Euclidis

242 835 326 881 anno
349 815 597 899 vetustioribus,
630 835 693 897 qua
720 816 893 898 prytaniae
917 815 969 880 die
993 815 1073 880 haee
1097 819 1173 880 acta
1196 815 1263 881 sint
1286 817 1419 882 additur

240 923 381 1004 itemque
403 924 444 989 ad
469 922 595 989 scribae
617 922 840 1004 praesidisque
861 941 974 988 nomen
996 921 1136 987 adicitur
1152 941 1265 987 nomen
1283 924 1416 988 delnoti-

241 1048 329 1113 cum,
362 1029 444 1111 quod
475 1048 602 1112 semper
625 1032 720 1095 abest
743 1048 764 1095 a
791 1028 897 1094 titulis
928 1028 1006 1094 talis
1030 1028 1112 1094 aevi.
1168 1030 1324 1094 Attamen
1354 1049 1415 1094 non

241 1136 423 1217 negandum
454 1154 508 1213 res
532 1136 631 1219 ipsas,
662 1155 742 1217 quas
772 1137 811 1202 de
835 1135 1035 1217 Antiphonte
1058 1154 1152 1221 nnnc
1166 1137 1251 1218 apud
1274 1137 1416 1204 Pseudo-

242 1242 444 1324 plutarchum
460 1242 607 1327 legimus,
624 1242 658 1308 in
674 1243 895 1324 psephismate
913 1241 1080 1323 extitisse;
1098 1243 1416 1324 Pseudoplutarclms

240 1349 320 1415 illud
343 1355 379 1415 ut
402 1349 621 1416 testimonium
646 1348 798 1416 veritatis
822 1348 957 1416 addidit.
994 1349 1046 1413 En
1070 1349 1291 1430 psephismate
1309 1356 1414 1416 autem

240 1456 404 1523 illuxerunt

492 1587 521 1647 v'.
560 1588 576 1647 l
603 1581 813 1667 (degenere)
839 1581 896 1647 cfr.
922 1583 1034 1664 pseph.
1061 1582 1111 1648 92.

490 1709 520 1757 v.
536 1694 577 1754 37
604 1710 669 1771 sqq.
864 1742 876 1770 ‚,
968 1742 980 1769 „
1067 1696 1106 1754 75
1133 1708 1199 1771 sqq.

329 1833 522 1899 Accuratius
546 1837 719 1913 praeterea
748 1831 897 1898 adhibita
920 1839 996 1898 sunt
1013 1832 1211 1913 Thucydidis
1235 1832 1312 1897 libri
1333 1833 1416 1898 VIII

240 1938 352 2022 capita
375 1945 416 2005 68
441 1946 475 2005 et
499 1945 550 2005 90.

328 2081 381 2146 Ex
404 2081 455 2146 his
480 2080 564 2147 satis
588 2086 697 2163 potest
720 2081 870 2164 cognosci
895 2081 984 2147 vitae
1001 2080 1213 2163 Antiphontis
1238 2080 1414 2163 primariae

151 2244 160 2251 .
241 2190 404 2252 auctorem
428 2194 572 2252 secutum
596 2206 669 2253 esse
693 2187 844 2268 antiquos
868 2195 1028 2253 aurctores.

327 2329 551 2395 Andocidis
582 2329 682 2396 vitam
714 2330 900 2412 primariam
925 2349 965 2394 ex
989 2335 1118 2395 oratore
1142 2329 1212 2412 ipso
1241 2349 1413 2395 emanasse

239 2439 384 2501 testatur
401 2438 437 2502 ¹v.
462 2442 505 2500 4o
522 2455 585 2517 sq:
611 2435 699 2522 δηλοῖ
722 2434 755 2499 cll
778 2437 855 2522 περὶ
872 2435 1002 2500 πάντων
1019 2434 1051 2500 ἓν
1067 2447 1135 2513 τοῖς
1150 2435 1256 2520 λόγοις
1272 2434 1320 2512 οἷς
1336 2457 1413 2520 συγ-

232 2545 409 2629 γέγραφεν.
456 2542 503 2608 Et
525 2548 662 2624 possunt
686 2543 866 2624 comparari

241 2684 411 2766 Pseudopl.
440 2690 454 2748 l
482 2704 528 2765 sq.
553 2703 624 2750 cum
647 2686 729 2750 And.
755 2686 808 2750 Ill
833 2693 861 2751 6.

346 2827 375 2874 ν.
402 2812 423 2874 3
446 2827 473 2874 c.
498 2808 580 2874 And.
606 2809 623 2874 I
648 2813 788 2874 37-47.
817 2815 893 2891 1473
920 2810 1040 2890 Lysiae
1065 2829 1109 2875 or.
1134 2810 1182 2874 VI
1207 2817 1257 2875 23.

343 2934 376 2981 v.
403 2919 443 2979 27
469 2933 536 2996 sqq.
569 2936 596 2981 c.
621 2916 703 2982 And.
729 2917 745 2980 I
776 2921 806 2981 4.
845 2920 914 2981 145.
947 2916 980 2980 ΙΙ
1013 2923 1062 2981 ll.
1090 2922 1139 2980 13.
1169 2923 1217 2982 lo.
1265 2917 1343 2998 Lys.
1368 2917 1416 2982 Vl

469 3028 520 3086 26.
546 3027 598 3087 48.

347 3148 378 3195 v.
404 3134 444 3193 ao
470 3148 515 3211 sq.
541 3149 567 3195 o.
593 3131 676 3195 Anu.
701 3130 754 3195 ΙΙΙ
781 3135 829 3195 14.
859 3136 908 3195 15.
935 3136 985 3195 33.
1011 3136 1064 3195 40.

329 3270 439 3337 Vitam
456 3290 578 3353 quoquc
595 3271 814 3353 Lysianam
838 3291 878 3338 ex
894 3278 1022 3339 oratore
1038 3273 1109 3355 ipso
1131 3273 1242 3338 hausit
1266 3273 1416 3355 scriptor.

241 3376 305 3443 Sed
328 3397 358 3444 v.
386 3383 402 3441 7
428 3377 553 3443 erravit
576 3384 704 3461 auctor,
737 3378 765 3444 si
797 3398 881 3444 anno
913 3379 1230 3461 quadringentesimo
1262 3378 1418 3461 qninqua-

240 3483 363 3564 gesimo
395 3503 478 3549 nono
509 3490 620 3550 natum
652 3504 725 3551 esse
749 3485 885 3567 Lysiam
910 3492 1040 3570 censet,
1075 3505 1168 3566 quem
1192 3504 1310 3551 annum
1343 3505 1418 3552 con·

239 3589 365 3656 iectura
395 3590 564 3656 collectum
594 3591 802 3657 manifestum
833 3597 904 3672 est3
942 3592 1114 3659 invenerat
1137 3591 1222 3657 euim
1247 3597 1361 3658 auctor
1386 3593 1420 3659 in

240 3694 362 3776 Lysiae
393 3696 495 3777 ipsius
529 3697 677 3763 oratione
702 3697 832 3783 (eontra
855 3699 1119 3782 Eratosthenem,
1144 3717 1225 3778 quae
1248 3699 1420 3780 pennultis

149 3807 152 3813 ’
239 3801 319 3866 locis
343 3807 499 3883 excerpta
520 3804 587 3889 cst)
611 3805 696 3870 hunc
719 3824 850 3886 puerum
875 3805 1054 3885 quindecim
1079 3824 1234 3871 annorum
1257 3805 1420 3898 migrasse

240 3908 388 3974 Thurios.
443 3909 581 3975 Thurios
613 3917 721 3976 autem
756 3911 881 3978 colonia
910 3913 1049 3978 deducta
1078 3919 1131 3978 est
1160 3932 1189 3978 a.
1220 3917 1301 3996 444,
1333 3915 1420 3980 unde

240 4015 441 4082 concluditur
457 4017 637 4098 quindecim
654 4019 750 4085 annis
767 4025 843 4085 ante
860 4025 972 4085 netum
988 4021 1089 4087 fuisse
1106 4021 1251 4103 Lysiam.
1276 4022 1421 4089 Necesse

131 4164 134 4170 ·
240 4141 302 4186 non
338 4128 392 4188 est
425 4142 497 4189 eum
532 4125 586 4189 illo
616 4125 687 4207 ipso
726 4145 809 4192 anno
840 4127 971 4193 venisse
1002 4128 1149 4194 Thurios
1208 4128 1238 4193 Ε
1269 4128 1420 4196 Platonis

242 4228 390 4295 leedro
409 4235 473 4296 978
490 4231 518 4296 ll
536 4231 742 4314 cognoscitur
765 4233 865 4299 multo
889 4234 1043 4301 maiorem
1067 4242 1147 4300 natu
1164 4234 1264 4300 fnisse
1282 4233 1419 4316 Lysiam
