2970 4746
793 268 833 327 68

709 354 922 362 -----

309 480 350 538 35
381 471 414 538 ἐν
437 483 482 559 τῳ
506 473 640 554 μελετᾶν
656 483 802 539 κινοῦντα
825 467 984 560 άπρεπιῦς
1006 484 1212 539 καταπαῦσαι
1237 476 1406 563 παραρτή-

378 601 477 644 σαντα
502 572 664 662 όβελίσκον
687 575 705 667 ἢ
730 575 774 656 δίς
796 605 879 658 τινες
904 580 1042 667 ξιφίδιον
1067 578 1101 644 ἐκ
1124 591 1180 668 της
1205 574 1335 670 όροφης,
1353 584 1407 648 ἵνα

379 686 574 774 φοβούμενος
590 679 729 774 ἠρεμοίη·
755 693 968 774 προβαίνοντα
992 687 1027 773 δη
1050 686 1131 750 κατά
1148 687 1205 774 την
1220 697 1285 753 ταῖν
1301 689 1408 775 λόγων

379 792 469 874 ἰσχύν
493 792 649 879 ἐσοπτρον
666 793 857 879 ἰσομέγεθες
880 787 967 880 αύτῳ
984 794 1221 859 κατασκευάσαι
1244 797 1299 860 καὶ
1324 797 1408 884 πρὸς

378 909 472 964 τουτο
496 892 669 987 άφορωντα
697 901 847 981 μελετᾶν,
871 893 912 965 ‘t'v’
937 898 1207 988 ἐπανορθώσηται
1236 901 1276 966 τά
1303 901 1407 968 ἐλλεί-

309 1007 352 1071 40
382 1031 502 1085 ποντα,
531 1008 586 1071 καί
617 1006 767 1071 κατιόντα
798 1005 854 1071 ἐπὶ
878 1006 915 1070 τό
941 1006 1115 1094 Φαληρικὸν
1146 1006 1228 1093 πρός
1258 1009 1318 1086 τάς
1341 1019 1408 1075 τῶν

378 1114 529 1197 κυμάτων
553 1113 689 1198 ἐμβολάς
719 1113 778 1190 τάς
809 1120 943 1199 σκέψεις
966 1120 1157 1192 ποιεῖσθαι,
1186 1107 1238 1192 ἵν’,
1264 1115 1296 1180 εί
1324 1141 1408 1184 ποτε

382 1227 535 1308 θορυβοίη
560 1215 576 1284 ό
600 1222 706 1309 δημος,
731 1220 775 1307 μη
799 1219 938 1307 ἐκσταίη·
974 1229 1031 1284 τοῦ
1055 1221 1086 1285 δέ
1112 1220 1294 1302 πνεύματος
1317 1232 1407 1309 αὐτη)

381 1327 537 1404 ἐνδέοντος
567 1328 785 1412 Νεοπτολέμῳ
816 1336 862 1413 τῳ
885 1321 1040 1413 ὑποκριτῇ
1069 1331 1185 1412 μυρίας
1213 1328 1332 1406 δοῦναι,
1363 1323 1407 1393 ἵν’

381 1429 460 1518 όλας
483 1434 651 1520 περιόδους
678 1426 868 1513 άπνεύστως
902 1435 984 1519 λίμη.
1036 1433 1060 1518 ¹)
1072 1432 1144 1498 ἐπεὶ
1174 1433 1207 1498 δὲ
1235 1444 1281 1520 τῳ
1309 1436 1407 1502 πσλι-

380 1541 536 1606 τεόεσθαι
560 1542 754 1627 προσῆλθεν,
781 1540 827 1617 εἰς
850 1540 903 1608 δύο
927 1541 1118 1627 διῃρημένων
1142 1550 1206 1605 τοῖν
1230 1540 1262 1606 ἐν
1286 1552 1323 1629 τῇ
1340 1544 1407 1608 πό-

310 1653 351 1712 45
380 1648 428 1712 λει
451 1648 505 1710 καὶ
521 1656 586 1712 τιῦν
609 1648 666 1729 μὲν
692 1647 961 1735 φιλιππιζόντων,
993 1657 1056 1712 τιῦν
1079 1641 1107 1740 δι’
1130 1641 1214 1734 ’ύπέρ
1236 1659 1293 1736 της
1317 1649 1406 1715 ἐλευ-

380 1759 496 1840 θερίας
520 1755 788 1843 δημηγορούντων,
814 1755 869 1841 την
897 1765 961 1819 των
990 1747 1320 1838 άντιπολιτευομένων
1345 1767 1406 1822 Φι-

380 1863 493 1946 λίππῳ
524 1861 614 1939 τάξιν
645 1861 747 1927 είλετο
779 1861 845 1949 [καὶ
868 1861 989 1937 παντὸς
1017 1871 1072 1925 του
1103 1861 1216 1948 χρόνου
1248 1862 1406 1930 διετέλεσε

382 1969 603 2052 συμβουλεύων
626 1981 694 2047 τοῖς
717 1968 948 2034 κινδυνεύουσιν
970 1963 1036 2033 ὑπὸ
1059 1969 1225 2034 Φιλίππου
1249 1976 1405 2054 γενέσθαι

356 2076 535 2164 βοηθεῑνη
568 2075 879 2159 συμπολιτευόμενος
908 2071 1082 2165 Ὑπερείδῃ,
1109 2079 1303 2157 Ναυσικλεῖ,
1337 2091 1404 2144 Ηυ-

311 2190 352 2248 50
380 2181 530 2269 λυεύκτῳ,
563 2187 719 2269 Διοτίμῳ.
758 2183 883 2255 διὸκαὶ
907 2183 1092 2266 συμμάχους
1114 2194 1182 2261 τοῖς
1204 2176 1402 2272 Ἀθηναίοις

382 2287 514 2376 ἐποίησε
549 2294 711 2375 Θηβαίους,
745 2282 888 2374 Ιδύβοεῐς,
914 2296 1134 2376 Κερκυραίους,
1169 2290 1401 2381 [Κορινθίουςλ

380 2394 542 2471 Βοιωτούς
569 2397 623 2459 καὶ
652 2396 789 2474 πολλούς
820 2391 933 2474 ἄλλους
958 2397 1052 2484 [πρὸς
1075 2397 1225 2487 τοίτοις].
1257 2395 1402 2465 ἐκπεσών

382 2503 414 2566 δέ
437 2526 518 2567 ποτε
542 2499 599 2568 ἐπὶ
622 2511 677 2589 της
692 2511 694 2514 ’
708 2500 872 2592 ἐκκλησίας
894 2505 950 2568 καὶ
972 2497 1113 2587 άθυμιῦν
1142 2504 1284 2590 ἐβάδιζεν
1309 2506 1400 2572 σ’ίκοι·

381 2607 540 2691 συντυχιδν
563 2602 591 2673 δ’
622 2602 709 2696 αύτηῦ
732 2604 877 2694 Ιδύνομσς
901 2604 917 2675 ό
945 2611 1104 2697 θριάσιος,
1136 2612 1317 2702 πρεσβύτης
1346 2608 1401 2701 ἤδη

312 2721 352 2782 55
382 2709 435 2794 τόν,
452 2721 677 2803 προετρέψατο
692 2715 747 2782 τὸν
765 2723 984 2805 Δημοσθένην,
1001 2718 1143 2800 μάλιστα
1158 2711 1187 2781 δ’
1200 2712 1218 2783 ό
1229 2712 1404 2807 ύποκριτης

376 2814 576 2908 Ἀνδρόνικος,
602 2822 704 2888 είπιὺν
728 2818 772 2901 τός
796 2825 825 2888 σί
849 2825 907 2906 μὲν
930 2824 1020 2908 λόγοι
1043 2825 1147 2902 καλῶς
1163 2822 1271 2906 ἐχσιεν,
1296 2827 1403 2893 λείποι

381 2921 409 2992 δ’
433 2921 521 3016 αύτηῖ
544 2928 583 2994 τά
607 2939 662 3017 τῆς
685 2923 894 3014 ὑποκρίσεως·
918 2923 1180 3017 άπεμνημόνευσὲ
1202 2956 1238 2996 τε
1261 2940 1326 2997 τιῦν
1350 2930 1405 2998 ἐπί

383 3045 439 3123 τῆς
475 3034 641 3124 ἐκκλησίας
671 3030 727 3103 ύπ)
757 3029 855 3102 αύτσῡ
885 3038 1087 3121 λελεγμένων.
1124 3039 1178 3102 καὶ
1208 3037 1245 3124 δὴ
1268 3038 1404 3104 πιστεύ-

382 3163 483 3207 σαντα
503 3142 558 3208 τδν
580 3150 792 3231 Δημοσθένην
812 3144 1010 3230 παραδοῦναι
1032 3137 1129 3209 αότδν
1152 3154 1198 3232 τῳ
1211 3138 1403 3232 Ἀνδρονίκῳ.

383 3246 463 3316 ὅθεν
479 3249 626 3337 ἐρομένου
642 3251 729 3328 τινός
752 3243 854 3329 σύτόν,
872 3256 904 3316 τί
927 3261 1056 3338 πριῦτον
1080 3250 1112 3318 ἐν
1129 3253 1285 3340 ῥητορικῇ,
1304 3250 1403 3330 εἶπεν,

313 3365 354 3424 60
383 3351 562 3445 ὑπόκρισις,
587 3359 640 3422 καὶ
669 3363 701 3422 τί
733 3356 893 3444 δεύτερον,
925 3351 1112 3445 ὑπόκρισις,
1141 3345 1195 3423 καὶ
1220 3364 1252 3423 τί
1284 3365 1400 3446 τρίτον,

382 3457 562 3552 ὑπόκρισις.
604 3463 791 3552 [προελθὼν
814 3465 847 3528 δέ
862 3465 961 3530 πάλιν
985 3465 1031 3542 εἰς
1054 3465 1113 3543 τάς
1136 3465 1304 3553 ἐκκλησίας
1327 3492 1405 3532 νεω·

383 3581 517 3658 τερικιῦς
539 3596 611 3637 τινα
634 3572 734 3656 λέγων
757 3570 934 3659 διεσύρετο,
967 3565 1011 3649 ιύς
1040 3573 1277 3661 κωμῳδηθῆναι
1309 3566 1406 3639 αύτδν

384 3671 440 3744 ὑπ’
462 3671 669 3766 Ἀντιφάνους
692 3680 745 3743 καὶ
766 3678 967 3768 Τιμοκλέους]
994 3679 1097 3765 2),,μά
1121 3689 1187 3766 γῆν,
1211 3680 1257 3763 μδ
1281 3680 1404 3768 κρήνας,

382 3784 427 3866 μδ
452 3785 627 3869 ποταμούς,
652 3785 697 3870 μδ
721 3785 880 3868 νάματα.“
918 3777 1040 3867 όμόσας
1063 3787 1096 3852 δὲ
1119 3797 1231 3852 τοῦτον
1254 3787 1309 3852 τόν
1333 3787 1407 3874 τρό-
1470 3820 1472 3826 ·

313 3899 354 3958 65
384 3916 446 3957 πον
474 3890 507 3958 ἐν
535 3901 582 3980 τῳ
611 3892 699 3980 δόμῳ
723 3891 863 3980 θόρυβον
886 3891 1035 3978 ἐκίνησεν.
1077 3887 1180 3977 ύίμνυε
1213 3894 1244 3959 δέ
1276 3892 1407 3961 καὶτὸν

323 4143 344 4209 1)
364 4140 446 4197 Photi
465 4159 491 4211 p.
509 4145 563 4198 493
581 4159 598 4197 a
616 4145 723 4198 22-33
741 4142 845 4197 omittit
864 4141 1141 4211 Pseudoplutarchus.

321 4231 345 4303 2)
363 4231 478 4288 Photius
496 4248 523 4303 p.
541 4231 631 4288 4981)
649 4233 685 4287 12
701 4229 791 4287 Addit:
809 4230 880 4288 ιδεδ
900 4224 1050 4296 Φαλαρεύς
1066 4249 1142 4303 φησι.
