2970 4746
638 253 849 346 ..ji-

155 458 294 526 vitarum
326 479 388 524 nen
417 466 571 543 mutasse,
603 463 656 543 qui
685 462 718 527 in
750 461 838 528 fonte
867 481 924 527 suo
952 467 1034 528 erat.
1081 463 1218 528 Accedit
1247 467 1329 544 quod

154 565 225 647 ipse
250 566 499 634 Ballheimer
523 569 706 634 sententiae
730 588 808 635 suae
838 568 958 634 additis
982 569 1091 636 verbis
1130 571 1213 650 ,etsi
1246 571 1331 637 harro

155 693 175 737 a
198 673 314 739 Photi0
344 674 455 756 utique
484 675 639 757 originem
665 677 781 741 ‹lucer-e
806 696 900 757 posse
924 675 1046 742 infitias
1071 696 1133 741 non
1158 677 1242 760 ibo“,
1275 698 1331 743 cur

156 779 319 846 abiudIcet
347 783 443 846 Photi
478 782 608 864 ingenio
639 783 761 848 ordinis
801 783 1010 848 mutationem
1040 802 1111 848 sese
1140 803 1202 849 non
1235 805 1330 865 posse

155 888 272 952 afferre
295 888 474 969 profitetur.

245 994 316 1060 Hoc
350 996 419 1062 loco
454 996 596 1062 fortasse
631 1001 741 1078 potest
770 996 846 1062 addi
875 995 1047 1061 Aeschinis
1077 997 1217 1062 oratoris
1247 999 1329 1064 duas

155 1099 244 1167 vitas
272 1104 358 1185 apud
381 1103 532 1169 Photium
563 1103 714 1187 inveniri,
745 1103 881 1168 alteram
910 1103 997 1168 inter
1026 1108 1152 1169 ceteros
1182 1110 1329 1170 oratores

154 1207 283 1274 Atticos
307 1209 445 1275 alteram
462 1211 588 1276 omnino
605 1212 646 1276 ab
663 1210 730 1276 illis
747 1210 926 1276 seiunctam
943 1230 1012 1291 cap.
1030 1209 1096 1276 XX
1111 1210 1329 1278 bibliothecae

154 1314 264 1396 Photi;
288 1317 372 1382 hanc
396 1323 504 1383 alitem
527 1318 639 1399 vitam,
663 1317 779 1399 quippe
796 1337 877 1399 quae
893 1317 980 1383 nullo
995 1316 1065 1382 loco
1093 1318 1243 1384 concinat
1258 1338 1329 1384 cum

155 1441 203 1506 ea,
238 1442 319 1503 quae
354 1424 441 1489 inter
475 1430 638 1491 oratorum
673 1425 816 1491 ordinem
851 1424 986 1508 legitur,
1022 1423 1171 1490 omittere
1205 1425 1327 1491 licebit.

155 1531 305 1594 Ueterum
328 1531 438 1595 multis
462 1531 542 1596 locis
566 1535 761 1598 verbotenus
785 1532 853 1597 fere
877 1531 963 1597 inter
986 1551 1021 1596 se
1043 1538 1224 1613 congruunt
1240 1533 1329 1598 vitae

154 1635 492 1717 Pseudoplutarcheae
508 1643 543 1703 et
554 1639 747 1706 Photianae:
764 1639 952 1704 testimonia
969 1639 1098 1720 singula
1110 1658 1171 1704 non
1186 1639 1328 1722 afferam,

154 1743 241 1810 vitas
258 1744 520 1811 commentationi
536 1746 721 1828 adscriptas
739 1745 768 1811 si
784 1745 973 1828 diligendus
990 1745 1230 1828 perquisiveris,
1255 1766 1328 1812 con-

154 1852 259 1917 cedes.
302 1851 427 1919 Deinde
451 1871 608 1935 persaepe
631 1854 741 1919 eodem
766 1852 877 1918 ordine
901 1854 986 1934 apud
1001 1852 1152 1917 Photium
1175 1852 1330 1935 leguntur

154 1957 314 2024 elementa
326 1958 476 2044 vitarum,
490 1979 550 2041 qrro
562 1961 647 2041 apud
659 1959 1001 2041 Pseudoplutarohum,
1015 1958 1077 2024 nisi
1091 1961 1173 2039 quod
1186 1959 1242 2025 ille
1254 1979 1328 2025 auc·

153 2069 206 2129 tor
218 2084 298 2146 quae
311 2067 351 2131 de
364 2067 563 2132 orationibus
576 2067 676 2150 digna
688 2072 935 2132 commemoratu
948 2066 1021 2133 visa
1037 2071 1122 2148 sunt,
1135 2065 1327 2149 praemittit,

50 2221 53 2225 ,
154 2170 248 2237 buius
266 2176 381 2237 contra
396 2178 448 2238 est
460 2172 562 2239 vitam
574 2173 678 2254 ipsam
696 2173 916 2257 praemittere,
934 2173 1053 2238 addere
1070 2191 1152 2253 quae
1168 2192 1247 2254 opus
1264 2172 1327 2239 sibi

153 2276 226 2343 visa
250 2283 325 2344 sunt
348 2279 388 2344 de
412 2285 483 2344 arte
507 2279 680 2346 rhetorica.
727 2281 960 2360 Nonnunquam
985 2298 1063 2345 sane
1087 2285 1201 2345 contra
1224 2283 1328 2345 muta·

151 2388 219 2449 tum
265 2384 408 2450 ordinem
459 2385 641 2453 invenimus
693 2385 789 2452 Photi
845 2386 1006 2468 vitarum,
1057 2404 1159 2466 neque
1213 2385 1328 2451 mirum

152 2491 293 2569 videtur,
319 2492 403 2557 hunc
426 2492 455 2558 si
478 2493 554 2575 quid
577 2493 663 2559 lraud
687 2498 764 2575 apto
788 2493 857 2558 Ioco
880 2493 1038 2558 insertum
1066 2491 1244 2574 invenerit,
1270 2511 1328 2558 sno

152 2597 288 2664 arbitrio
319 2598 527 2680 disposuisse.
575 2600 744 2666 Nonnullis
777 2605 885 2664 antem
908 2601 941 2663 iu
970 2599 1067 2681 vitm,
1092 2598 1263 2679 praecipue
1295 2599 1328 2663 in

152 2703 222 2768 vita
245 2705 334 2770 Isaei
359 2706 502 2771 ordinem
519 2706 635 2772 Photio
660 2707 815 2772 traditum
832 2708 873 2772 ab
890 2707 950 2771 hoc
966 2711 1123 2771 mutatum
1141 2724 1214 2770 esse
1230 2704 1328 2770 facile

153 2829 337 2892 cognosces.
386 2813 476 2896 Quae
503 2817 540 2878 ut
563 2813 747 2879 accuratius
771 2813 986 2894 illustrentur,
1015 2812 1173 2892 conferas,
1198 2830 1327 2894 quaeso,

151 2918 304 2983 Plotium
320 2939 350 3001 p.
368 2924 433 2984 490
458 2940 477 2985 a
498 2925 554 2985 14:
572 2925 694 2984 ..lunico
718 2919 757 2983 dt.
774 2924 882 3004 γέγονε
904 2917 1052 3004 μιμητής,
1079 2907 1114 2982 οὗ
1138 2918 1192 2981 καὶ
1215 2922 1327 3004 μαθη-

151 3021 207 3108 τὴς
246 3021 435 3112 ἐχρημάτισε
481 3045 551 3092 cum
582 3027 679 3091 Phoci
719 3047 749 3108 p.
791 3031 856 3091 490
889 3046 908 3090 a
938 3031 993 3089 26:
1050 3022 1235 3104 ἐσχόλασεν,
1284 3017 1328 3100 ὡς

152 3135 339 3218 προείρηται
372 3137 493 3216 ,11)σ1ᾳ,
535 3133 650 3198 deinde
680 3133 776 3197 Phoci
810 3153 839 3214 p.
876 3137 941 3196 490
982 3151 1002 3197 a
1034 3137 1089 3196 23:
1135 3129 1151 3192 ‘d
1185 3128 1328 3212 μάλιστα

151 3238 205 3301 καὶ
223 3243 442 3326 Δημοσθένης,
467 3237 617 3328 μαθητὴς
640 3230 737 3303 αὐτοῦ
753 3236 899 3322 γεγονώς,
925 3235 1112 3324 ἐμιμήσατο,
1137 3256 1206 3302 cum
1231 3238 1327 3302 Photi

153 3366 182 3427 p.
203 3334 284 3411 '490
314 3367 334 3413 a
365 3346 419 3433 29}
465 3346 675 3434 καθηγήσατο
705 3349 952 3431 Δημοσθένους,
985 3345 1099 3425 quibus
1141 3363 1181 3408 ex
1216 3344 1327 3410 verbis

152 3453 306 3518 facillime
330 3459 438 3536 potest
462 3453 611 3536 cognosci
628 3452 778 3518 Photium
802 3453 866 3518 lam
882 3451 995 3533 primis
1011 3451 1044 3515 iu
1061 3450 1210 3517 versibus
1227 3450 1328 3515 foratis

154 3558 204 3624 sui
228 3559 391 3626 Invenisse
407 3562 522 3626 verba:
548 3558 707 3640 σχολάσας
723 3564 839 3646 Λυσίᾳ,
865 3577 936 3624 eum
953 3563 1070 3640 antem,
1095 3575 1165 3622 enm
1182 3556 1215 3620 in
1231 3563 1327 3636 parte

153 3665 649 3752 11161011οαῘ11α111α1111111111111111
667 3666 800 3746 Lysiam
818 3666 981 3730 imitatum
997 3663 1145 3746 dixisset,
1170 3662 1202 3726 in
1220 3662 1328 3728 altera

152 3770 351 3858 vitaejparte
368 3780 512 3839 coactum
537 3774 638 3839 fuisse
662 3779 696 3839 nt
714 3772 836 3853 Lysiae
860 3769 1049 3851 discipulum
1074 3770 1175 3834 fuisse
1199 3770 1326 3834 Isaeum

152 3878 400 3945 demonstraret.
445 3881 491 3944 m
513 3881 625 3961 pauds
647 3879 796 3947 versibus
813 3884 887 3961 post
903 3879 1013 3943 eodem
1029 3879 1120 3943 modo
1136 3879 1327 3943 Demosthe-

151 4001 224 4048 nem
248 3984 439 4066 discipulum
464 3984 564 4051 fnisse
588 3986 684 4052 inane
706 3985 867 4067 repetitur
883 3989 926 4060 et,
951 3983 985 4049 ni
1001 3983 1107 4066 fallor,
1131 3983 1227 4049 Photi
1255 3985 1327 4049 fons

152 4091 185 4156 in
209 4091 279 4158 vita
305 4091 386 4175 ipsa,
410 4091 429 4156 i.
455 4111 483 4156 e.
508 4112 571 4158 non
595 4092 629 4157 in
653 4111 692 4157 ea
716 4096 820 4174 parte.
844 4108 926 4160 once
945 4093 999 4157 est
1021 4090 1061 4156 de
1077 4095 1206 4156 oratore
1222 4091 1327 4175 Isaeo,

152 4199 280 4264 Isaeum
304 4198 535 4263 DemostbeuIs
566 4209 711 4280 praecept
1058 4194 1194 4261 PbotIus
1218 4203 1327 4262 antem
