<?xml version="1.0" encoding="UTF-8"?>
<!DOCTYPE html PUBLIC "-//W3C//DTD XHTML 1.0 Transitional//EN"
    "http://www.w3.org/TR/xhtml1/DTD/xhtml1-transitional.dtd">
<html xmlns="http://www.w3.org/1999/xhtml" xml:lang="en" lang="en">
 <head>
  <title>
</title>
<meta http-equiv="Content-Type" content="text/html;charset=utf-8" />
  <meta name='ocr-system' content='tesseract 3.04.00' />
  <meta name='ocr-capabilities' content='ocr_page ocr_carea ocr_par ocr_line ocrx_word'/>
</head>
<body>
  <div class='ocr_page' id='page_1' title='image "./deplutarchiquae00prasgoog_0037.png"; bbox 0 0 2970 4746; ppageno 0'>
   <div class='ocr_carea' id='block_1_1' title="bbox 158 245 1464 3957">
    <p class='ocr_par' dir='ltr' id='par_1_1' title="bbox 791 245 833 306">
     <span class='ocr_line' id='line_1_1' title="bbox 791 245 833 306; baseline 0 0"><span class='ocrx_word' id='word_1_1' title='bbox 791 245 833 306; x_wconf 76' lang='grc'>31</span> 
     </span>
    </p>

    <p class='ocr_par' dir='ltr' id='par_1_2' title="bbox 158 453 1464 2568">
     <span class='ocr_line' id='line_1_2' title="bbox 228 453 1403 542; baseline -0.001 -22"><span class='ocrx_word' id='word_1_2' title='bbox 228 453 523 534; x_wconf 88' lang='lat' dir='ltr'>antiquissimorum</span> <span class='ocrx_word' id='word_1_3' title='bbox 558 457 724 520; x_wconf 90' lang='lat' dir='ltr'>auctorum</span> <span class='ocrx_word' id='word_1_4' title='bbox 757 461 824 520; x_wconf 90' lang='lat' dir='ltr'>tum</span> <span class='ocrx_word' id='word_1_5' title='bbox 852 455 1036 520; x_wconf 86' lang='lat' dir='ltr'>Philochori</span> <span class='ocrx_word' id='word_1_6' title='bbox 1075 454 1150 536; x_wconf 80' lang='lat' dir='ltr'>(vit.</span> <span class='ocrx_word' id='word_1_7' title='bbox 1182 457 1274 521; x_wconf 89' lang='lat' dir='ltr'>Dem.</span> <span class='ocrx_word' id='word_1_8' title='bbox 1314 456 1403 542; x_wconf 80' lang='grc'>119),</span> 
     </span>
     <span class='ocr_line' id='line_1_3' title="bbox 231 560 1404 652; baseline 0 -26"><span class='ocrx_word' id='word_1_9' title='bbox 231 560 386 626; x_wconf 77' lang='lat' dir='ltr'>Demetrii</span> <span class='ocrx_word' id='word_1_10' title='bbox 400 560 565 641; x_wconf 76' lang='lat' dir='ltr'>Magnetis</span> <span class='ocrx_word' id='word_1_11' title='bbox 581 560 768 627; x_wconf 74' lang='lat' dir='ltr'>atteruntur.</span> <span class='ocrx_word' id='word_1_12' title='bbox 795 563 872 627; x_wconf 91' lang='lat' dir='ltr'>Cum</span> <span class='ocrx_word' id='word_1_13' title='bbox 890 569 1001 652; x_wconf 85' lang='lat' dir='ltr'>autem</span> <span class='ocrx_word' id='word_1_14' title='bbox 1013 562 1066 627; x_wconf 81' lang='lat' dir='ltr'>liic</span> <span class='ocrx_word' id='word_1_15' title='bbox 1079 562 1243 627; x_wconf 71' lang='lat' dir='ltr'>Ciceronis</span> <span class='ocrx_word' id='word_1_16' title='bbox 1256 562 1404 643; x_wconf 89' lang='lat' dir='ltr'>aequalis</span> 
     </span>
     <span class='ocr_line' id='line_1_4' title="bbox 228 667 1403 751; baseline 0.002 -19"><span class='ocrx_word' id='word_1_17' title='bbox 228 667 337 751; x_wconf 82' lang='lat' dir='ltr'>fuerit,</span> <span class='ocrx_word' id='word_1_18' title='bbox 353 673 442 732; x_wconf 90' lang='lat' dir='ltr'>certe</span> <span class='ocrx_word' id='word_1_19' title='bbox 459 672 533 747; x_wconf 88' lang='lat' dir='ltr'>post</span> <span class='ocrx_word' id='word_1_20' title='bbox 549 685 618 731; x_wconf 89' lang='lat' dir='ltr'>eum</span> <span class='ocrx_word' id='word_1_21' title='bbox 636 675 799 733; x_wconf 74' lang='lat' dir='ltr'>auctorem</span> <span class='ocrx_word' id='word_1_22' title='bbox 816 669 903 734; x_wconf 85' lang='lat' dir='ltr'>vitas</span> <span class='ocrx_word' id='word_1_23' title='bbox 921 669 1092 750; x_wconf 88' lang='lat' dir='ltr'>primarias</span> <span class='ocrx_word' id='word_1_24' title='bbox 1109 669 1313 750; x_wconf 87' lang='lat' dir='ltr'>conscriptas</span> <span class='ocrx_word' id='word_1_25' title='bbox 1330 689 1403 735; x_wconf 90' lang='lat' dir='ltr'>esse</span> 
     </span>
     <span class='ocr_line' id='line_1_5' title="bbox 230 775 1403 858; baseline -0.001 -19"><span class='ocrx_word' id='word_1_26' title='bbox 230 775 436 839; x_wconf 86' lang='lat' dir='ltr'>statuendum</span> <span class='ocrx_word' id='word_1_27' title='bbox 461 779 522 839; x_wconf 89' lang='lat' dir='ltr'>est.</span> <span class='ocrx_word' id='word_1_28' title='bbox 559 775 596 840; x_wconf 87' lang='lat' dir='ltr'>ld</span> <span class='ocrx_word' id='word_1_29' title='bbox 621 777 702 855; x_wconf 70' lang='lat' dir='ltr'>(procl</span> <span class='ocrx_word' id='word_1_30' title='bbox 727 796 764 840; x_wconf 91' lang='lat' dir='ltr'>eo</span> <span class='ocrx_word' id='word_1_31' title='bbox 790 777 954 858; x_wconf 73' lang='lat' dir='ltr'>probatur,</span> <span class='ocrx_word' id='word_1_32' title='bbox 979 776 1060 856; x_wconf 75' lang='lat' dir='ltr'>quorl</span> <span class='ocrx_word' id='word_1_33' title='bbox 1077 795 1141 841; x_wconf 89' lang='lat' dir='ltr'>una</span> <span class='ocrx_word' id='word_1_34' title='bbox 1158 795 1227 841; x_wconf 90' lang='lat' dir='ltr'>cum</span> <span class='ocrx_word' id='word_1_35' title='bbox 1245 777 1403 858; x_wconf 81' lang='lat' dir='ltr'>llionysio</span> 
     </span>
     <span class='ocr_line' id='line_1_6' title="bbox 229 869 1402 966; baseline 0.003 -20"><span class='ocrx_word' id='word_1_36' title='bbox 229 869 515 947; x_wconf 84' lang='lat' dir='ltr'>Halicarnasseusi</span> <span class='ocrx_word' id='word_1_37' title='bbox 539 881 738 964; x_wconf 73' lang='lat' dir='ltr'>summisse,</span> <span class='ocrx_word' id='word_1_38' title='bbox 763 889 797 947; x_wconf 87' lang='grc'>11</span> <span class='ocrx_word' id='word_1_39' title='bbox 815 902 913 964; x_wconf 90' lang='lat' dir='ltr'>supra</span> <span class='ocrx_word' id='word_1_40' title='bbox 937 883 1131 964; x_wconf 81' lang='lat' dir='ltr'>explicatum</span> <span class='ocrx_word' id='word_1_41' title='bbox 1149 889 1210 966; x_wconf 89' lang='lat' dir='ltr'>est,</span> <span class='ocrx_word' id='word_1_42' title='bbox 1227 884 1402 949; x_wconf 88' lang='lat' dir='ltr'>verisimile</span> 
     </span>
     <span class='ocr_line' id='line_1_7' title="bbox 229 988 1401 1073; baseline 0.004 -20"><span class='ocrx_word' id='word_1_43' title='bbox 229 995 289 1053; x_wconf 87' lang='lat' dir='ltr'>est.</span> <span class='ocrx_word' id='word_1_44' title='bbox 337 988 390 1052; x_wconf 72' lang='lat' dir='ltr'>lix</span> <span class='ocrx_word' id='word_1_45' title='bbox 419 988 460 1052; x_wconf 90' lang='lat' dir='ltr'>iis</span> <span class='ocrx_word' id='word_1_46' title='bbox 490 995 598 1054; x_wconf 89' lang='lat' dir='ltr'>autem</span> <span class='ocrx_word' id='word_1_47' title='bbox 627 989 828 1072; x_wconf 76' lang='lat' dir='ltr'>auctoribus,</span> <span class='ocrx_word' id='word_1_48' title='bbox 861 991 913 1070; x_wconf 88' lang='lat' dir='ltr'>qui</span> <span class='ocrx_word' id='word_1_49' title='bbox 946 990 1129 1056; x_wconf 66' lang='lat' dir='ltr'>(oratoribus</span> <span class='ocrx_word' id='word_1_50' title='bbox 1154 992 1292 1073; x_wconf 87' lang='lat' dir='ltr'>Atticis,</span> <span class='ocrx_word' id='word_1_51' title='bbox 1325 1012 1401 1073; x_wconf 89' lang='lat' dir='ltr'>quos</span> 
     </span>
     <span class='ocr_line' id='line_1_8' title="bbox 230 1099 1402 1179; baseline 0.002 -19"><span class='ocrx_word' id='word_1_52' title='bbox 230 1101 356 1177; x_wconf 83' lang='lat' dir='ltr'>vocant,</span> <span class='ocrx_word' id='word_1_53' title='bbox 374 1114 502 1177; x_wconf 88' lang='lat' dir='ltr'>operam</span> <span class='ocrx_word' id='word_1_54' title='bbox 521 1104 693 1178; x_wconf 79' lang='grc'>11111111,</span> <span class='ocrx_word' id='word_1_55' title='bbox 711 1104 842 1177; x_wconf 87' lang='lat' dir='ltr'>praeter</span> <span class='ocrx_word' id='word_1_56' title='bbox 858 1104 984 1163; x_wconf 86' lang='lat' dir='ltr'>ceteros</span> <span class='ocrx_word' id='word_1_57' title='bbox 997 1099 1156 1179; x_wconf 80' lang='lat' dir='ltr'>Didymus</span> <span class='ocrx_word' id='word_1_58' title='bbox 1170 1100 1402 1164; x_wconf 75' lang='lat' dir='ltr'>tilralceuterus</span> 
     </span>
     <span class='ocr_line' id='line_1_9' title="bbox 229 1201 1401 1284; baseline 0.004 -20"><span class='ocrx_word' id='word_1_59' title='bbox 229 1208 263 1264; x_wconf 89' lang='lat' dir='ltr'>et</span> <span class='ocrx_word' id='word_1_60' title='bbox 286 1201 445 1266; x_wconf 73' lang='lat' dir='ltr'>Caecilius</span> <span class='ocrx_word' id='word_1_61' title='bbox 470 1202 658 1268; x_wconf 75' lang='lat' dir='ltr'>t&#39;ialaotinus</span> <span class='ocrx_word' id='word_1_62' title='bbox 682 1204 777 1281; x_wconf 70' lang='lat' dir='ltr'>longe</span> <span class='ocrx_word' id='word_1_63' title='bbox 801 1206 1013 1284; x_wconf 79' lang='lat' dir='ltr'>excellebant,</span> <span class='ocrx_word' id='word_1_64' title='bbox 1044 1206 1130 1270; x_wconf 86' lang='lat' dir='ltr'>alter</span> <span class='ocrx_word' id='word_1_65' title='bbox 1153 1207 1401 1284; x_wconf 84' lang='lat' dir='ltr'>commentariis,</span> 
     </span>
     <span class='ocr_line' id='line_1_10' title="bbox 229 1308 1401 1398; baseline 0.001 -25"><span class='ocrx_word' id='word_1_66' title='bbox 229 1309 314 1373; x_wconf 74' lang='grc'>11111·</span> <span class='ocrx_word' id='word_1_67' title='bbox 344 1308 426 1373; x_wconf 76' lang='lat' dir='ltr'>libre</span> <span class='ocrx_word' id='word_1_68' title='bbox 458 1309 510 1389; x_wconf 87' lang='lat' dir='ltr'>qul</span> <span class='ocrx_word' id='word_1_69' title='bbox 540 1310 729 1374; x_wconf 70' lang='lat' dir='ltr'>inscribitur</span> <span class='ocrx_word' id='word_1_70' title='bbox 760 1312 833 1395; x_wconf 66' lang='lat' dir='ltr'>accpi</span> <span class='ocrx_word' id='word_1_71' title='bbox 868 1320 922 1374; x_wconf 76' lang='lat' dir='ltr'>roi</span> <span class='ocrx_word' id='word_1_72' title='bbox 945 1321 1139 1397; x_wconf 56' lang='lat' dir='ltr'>papczrifpog</span> <span class='ocrx_word' id='word_1_73' title='bbox 1167 1323 1227 1376; x_wconf 77' lang='grc'>1111</span> <span class='ocrx_word' id='word_1_74' title='bbox 1250 1312 1323 1374; x_wconf 73' lang='grc' dir='ltr'>δέκα</span> <span class='ocrx_word' id='word_1_75' title='bbox 1348 1312 1401 1398; x_wconf 62' lang='grc' dir='ltr'>ῥη-</span> 
     </span>
     <span class='ocr_line' id='line_1_11' title="bbox 228 1414 1399 1500; baseline 0.006 -23"><span class='ocrx_word' id='word_1_76' title='bbox 228 1414 338 1500; x_wconf 57' lang='grc' dir='ltr'>4ι’όρων.</span> <span class='ocrx_word' id='word_1_77' title='bbox 388 1416 563 1496; x_wconf 78' lang='lat' dir='ltr'>Utriusque</span> <span class='ocrx_word' id='word_1_78' title='bbox 597 1419 739 1482; x_wconf 82' lang='lat' dir='ltr'>arrctoris</span> <span class='ocrx_word' id='word_1_79' title='bbox 764 1437 832 1482; x_wconf 86' lang='lat' dir='ltr'>curn</span> <span class='ocrx_word' id='word_1_80' title='bbox 858 1419 1043 1499; x_wconf 73' lang='lat' dir='ltr'>fragmento</span> <span class='ocrx_word' id='word_1_81' title='bbox 1067 1437 1167 1500; x_wconf 89' lang='lat' dir='ltr'>usque</span> <span class='ocrx_word' id='word_1_82' title='bbox 1191 1422 1232 1485; x_wconf 75' lang='lat' dir='ltr'>acl</span> <span class='ocrx_word' id='word_1_83' title='bbox 1258 1428 1399 1484; x_wconf 85' lang='lat' dir='ltr'>nostram</span> 
     </span>
     <span class='ocr_line' id='line_1_12' title="bbox 229 1511 1401 1609; baseline 0.002 -21"><span class='ocrx_word' id='word_1_84' title='bbox 229 1528 371 1588; x_wconf 87' lang='lat' dir='ltr'>aetatem</span> <span class='ocrx_word' id='word_1_85' title='bbox 407 1530 540 1589; x_wconf 87' lang='lat' dir='ltr'>servata</span> <span class='ocrx_word' id='word_1_86' title='bbox 569 1524 685 1605; x_wconf 60' lang='lat' dir='ltr'>siuti)</span> <span class='ocrx_word' id='word_1_87' title='bbox 716 1544 755 1588; x_wconf 87' lang='lat' dir='ltr'>ex</span> <span class='ocrx_word' id='word_1_88' title='bbox 792 1511 1031 1606; x_wconf 69' lang='lat' dir='ltr'>corripiaratione</span> <span class='ocrx_word' id='word_1_89' title='bbox 1061 1526 1132 1607; x_wconf 90' lang='lat' dir='ltr'>ipsa</span> <span class='ocrx_word' id='word_1_90' title='bbox 1163 1526 1248 1590; x_wconf 84' lang='lat' dir='ltr'>et&#39;fici</span> <span class='ocrx_word' id='word_1_91' title='bbox 1285 1533 1401 1609; x_wconf 88' lang='lat' dir='ltr'>potest,</span> 
     </span>
     <span class='ocr_line' id='line_1_13' title="bbox 230 1631 1401 1713; baseline 0.002 -19"><span class='ocrx_word' id='word_1_92' title='bbox 230 1636 303 1694; x_wconf 88' lang='lat' dir='ltr'>uter</span> <span class='ocrx_word' id='word_1_93' title='bbox 328 1635 441 1695; x_wconf 90' lang='lat' dir='ltr'>auctor</span> <span class='ocrx_word' id='word_1_94' title='bbox 464 1631 603 1694; x_wconf 87' lang='lat' dir='ltr'>vitarum</span> <span class='ocrx_word' id='word_1_95' title='bbox 629 1632 674 1696; x_wconf 88' lang='lat' dir='ltr'>sit</span> <span class='ocrx_word' id='word_1_96' title='bbox 698 1632 1096 1712; x_wconf 80' lang='lat' dir='ltr'>Pseruloplutarchearuur.</span> <span class='ocrx_word' id='word_1_97' title='bbox 1132 1633 1305 1713; x_wconf 77' lang='lat' dir='ltr'>llirlyrnum</span> <span class='ocrx_word' id='word_1_98' title='bbox 1330 1653 1401 1698; x_wconf 89' lang='lat' dir='ltr'>auo-</span> 
     </span>
     <span class='ocr_line' id='line_1_14' title="bbox 229 1736 1401 1820; baseline 0.003 -20"><span class='ocrx_word' id='word_1_99' title='bbox 229 1742 330 1801; x_wconf 85' lang='lat' dir='ltr'>torem</span> <span class='ocrx_word' id='word_1_100' title='bbox 355 1737 543 1817; x_wconf 81' lang='lat' dir='ltr'>primariruu</span> <span class='ocrx_word' id='word_1_101' title='bbox 567 1736 668 1802; x_wconf 81' lang='lat' dir='ltr'>fuisse</span> <span class='ocrx_word' id='word_1_102' title='bbox 693 1740 874 1819; x_wconf 81' lang='lat' dir='ltr'>negandum</span> <span class='ocrx_word' id='word_1_103' title='bbox 900 1738 1037 1820; x_wconf 84' lang='lat' dir='ltr'>videtur,</span> <span class='ocrx_word' id='word_1_104' title='bbox 1063 1758 1136 1803; x_wconf 88' lang='lat' dir='ltr'>nam</span> <span class='ocrx_word' id='word_1_105' title='bbox 1161 1758 1263 1820; x_wconf 90' lang='lat' dir='ltr'>neque</span> <span class='ocrx_word' id='word_1_106' title='bbox 1287 1759 1401 1804; x_wconf 84' lang='lat' dir='ltr'>nonren</span> 
     </span>
     <span class='ocr_line' id='line_1_15' title="bbox 229 1831 1402 1925; baseline 0.003 -19"><span class='ocrx_word' id='word_1_107' title='bbox 229 1843 297 1906; x_wconf 88' lang='lat' dir='ltr'>eius</span> <span class='ocrx_word' id='word_1_108' title='bbox 329 1831 462 1923; x_wconf 84' lang='lat' dir='ltr'>usquam</span> <span class='ocrx_word' id='word_1_109' title='bbox 486 1844 518 1907; x_wconf 93' lang='lat' dir='ltr'>in</span> <span class='ocrx_word' id='word_1_110' title='bbox 539 1843 620 1909; x_wconf 81' lang='lat' dir='ltr'>vitis</span> <span class='ocrx_word' id='word_1_111' title='bbox 645 1844 829 1909; x_wconf 81' lang='lat' dir='ltr'>nominatur</span> <span class='ocrx_word' id='word_1_112' title='bbox 852 1851 886 1908; x_wconf 92' lang='lat' dir='ltr'>et</span> <span class='ocrx_word' id='word_1_113' title='bbox 909 1844 1095 1925; x_wconf 73' lang='lat' dir='ltr'>fragmenta</span> <span class='ocrx_word' id='word_1_114' title='bbox 1119 1864 1199 1925; x_wconf 88' lang='lat' dir='ltr'>quae</span> <span class='ocrx_word' id='word_1_115' title='bbox 1229 1852 1402 1911; x_wconf 86' lang='lat' dir='ltr'>servantur</span> 
     </span>
     <span class='ocr_line' id='line_1_16' title="bbox 229 1949 1402 2032; baseline 0 -18"><span class='ocrx_word' id='word_1_116' title='bbox 229 1949 457 2031; x_wconf 70' lang='lat' dir='ltr'>multomagis</span> <span class='ocrx_word' id='word_1_117' title='bbox 481 1949 543 2016; x_wconf 89' lang='lat' dir='ltr'>viri</span> <span class='ocrx_word' id='word_1_118' title='bbox 567 1951 772 2031; x_wconf 84' lang='lat' dir='ltr'>grammatici</span> <span class='ocrx_word' id='word_1_119' title='bbox 795 1968 890 2031; x_wconf 89' lang='lat' dir='ltr'>quam</span> <span class='ocrx_word' id='word_1_120' title='bbox 914 1950 1055 2016; x_wconf 90' lang='lat' dir='ltr'>rhetoris</span> <span class='ocrx_word' id='word_1_121' title='bbox 1080 1951 1240 2031; x_wconf 88' lang='lat' dir='ltr'>specimen</span> <span class='ocrx_word' id='word_1_122' title='bbox 1264 1971 1343 2032; x_wconf 91' lang='lat' dir='ltr'>prae</span> <span class='ocrx_word' id='word_1_123' title='bbox 1368 1970 1402 2016; x_wconf 90' lang='lat' dir='ltr'>se</span> 
     </span>
     <span class='ocr_line' id='line_1_17' title="bbox 230 2056 1401 2124; baseline 0.002 -4"><span class='ocrx_word' id='word_1_124' title='bbox 230 2056 347 2120; x_wconf 88' lang='lat' dir='ltr'>ierunt.</span> <span class='ocrx_word' id='word_1_125' title='bbox 384 2059 506 2121; x_wconf 87' lang='lat' dir='ltr'>Contra</span> <span class='ocrx_word' id='word_1_126' title='bbox 530 2056 690 2122; x_wconf 71' lang='lat' dir='ltr'>Caecilius</span> <span class='ocrx_word' id='word_1_127' title='bbox 714 2057 901 2122; x_wconf 73' lang='lat' dir='ltr'>tlalactiuus</span> <span class='ocrx_word' id='word_1_128' title='bbox 926 2057 1086 2122; x_wconf 84' lang='lat' dir='ltr'>nonnullis</span> <span class='ocrx_word' id='word_1_129' title='bbox 1110 2058 1189 2122; x_wconf 87' lang='lat' dir='ltr'>locis</span> <span class='ocrx_word' id='word_1_130' title='bbox 1213 2059 1401 2124; x_wconf 87' lang='lat' dir='ltr'>nominatim</span> 
     </span>
     <span class='ocr_line' id='line_1_18' title="bbox 158 2162 1402 2248; baseline 0.002 -22"><span class='ocrx_word' id='word_1_131' title='bbox 158 2173 160 2176; x_wconf 81' lang='grc'><strong>’</strong></span> <span class='ocrx_word' id='word_1_132' title='bbox 230 2162 414 2244; x_wconf 77' lang='lat' dir='ltr'>appellatur</span> <span class='ocrx_word' id='word_1_133' title='bbox 438 2164 585 2246; x_wconf 80' lang='lat' dir='ltr'>(praeter</span> <span class='ocrx_word' id='word_1_134' title='bbox 613 2164 671 2229; x_wconf 87' lang='lat' dir='ltr'>vit.</span> <span class='ocrx_word' id='word_1_135' title='bbox 701 2164 834 2246; x_wconf 81' lang='lat' dir='ltr'>Antiph.</span> <span class='ocrx_word' id='word_1_136' title='bbox 867 2170 916 2229; x_wconf 80' lang='lat'>74.</span> <span class='ocrx_word' id='word_1_137' title='bbox 947 2163 964 2228; x_wconf 76' lang='lat' dir='ltr'>‘o&#39;</span> <span class='ocrx_word' id='word_1_138' title='bbox 991 2164 1134 2240; x_wconf 72' lang='grc' dir='ltr'>Κεκίλιος</span> <span class='ocrx_word' id='word_1_139' title='bbox 1164 2169 1402 2248; x_wconf 67' lang='grc' dir='ltr'>παρατέθειται</span> 
     </span>
     <span class='ocr_line' id='line_1_19' title="bbox 229 2262 1464 2356; baseline -0.002 -20"><span class='ocrx_word' id='word_1_140' title='bbox 229 2270 269 2336; x_wconf 83' lang='lat' dir='ltr'>cf.</span> <span class='ocrx_word' id='word_1_141' title='bbox 294 2270 352 2336; x_wconf 85' lang='lat' dir='ltr'>vit.</span> <span class='ocrx_word' id='word_1_142' title='bbox 377 2270 510 2350; x_wconf 81' lang='lat' dir='ltr'>Aniipln</span> <span class='ocrx_word' id='word_1_143' title='bbox 537 2277 593 2335; x_wconf 78' lang='lat'>23:</span> <span class='ocrx_word' id='word_1_144' title='bbox 626 2262 822 2346; x_wconf 49' lang='lat' dir='ltr'>scottos-6²</span> <span class='ocrx_word' id='word_1_145' title='bbox 853 2268 885 2335; x_wconf 77' lang='grc' dir='ltr'>ἐν</span> <span class='ocrx_word' id='word_1_146' title='bbox 905 2279 949 2356; x_wconf 76' lang='lat' dir='ltr'>aqi</span> <span class='ocrx_word' id='word_1_147' title='bbox 975 2272 1049 2355; x_wconf 67' lang='grc' dir='ltr'>περὶ</span> <span class='ocrx_word' id='word_1_148' title='bbox 1074 2263 1170 2334; x_wconf 66' lang='grc' dir='ltr'><em>αὐτοῦ</em></span> <span class='ocrx_word' id='word_1_149' title='bbox 1194 2270 1401 2355; x_wconf 75' lang='grc' dir='ltr'>συντάγματι,</span> <span class='ocrx_word' id='word_1_150' title='bbox 1462 2314 1464 2318; x_wconf 33' lang='lat'><em>⁴</em></span> 
     </span>
     <span class='ocr_line' id='line_1_20' title="bbox 230 2377 1404 2461; baseline 0.001 -20"><span class='ocrx_word' id='word_1_151' title='bbox 230 2377 416 2457; x_wconf 88' lang='lat' dir='ltr'>quibuscum</span> <span class='ocrx_word' id='word_1_152' title='bbox 446 2395 528 2458; x_wconf 90' lang='lat' dir='ltr'>quae</span> <span class='ocrx_word' id='word_1_153' title='bbox 558 2384 735 2457; x_wconf 89' lang='lat' dir='ltr'>sequuntur</span> <span class='ocrx_word' id='word_1_154' title='bbox 763 2382 935 2458; x_wconf 86' lang='lat' dir='ltr'>tantopere</span> <span class='ocrx_word' id='word_1_155' title='bbox 967 2378 1118 2445; x_wconf 85' lang='lat' dir='ltr'>videntur</span> <span class='ocrx_word' id='word_1_156' title='bbox 1153 2380 1337 2461; x_wconf 85' lang='lat' dir='ltr'>cohaerere,</span> <span class='ocrx_word' id='word_1_157' title='bbox 1368 2384 1404 2443; x_wconf 91' lang='lat' dir='ltr'>ut</span> 
     </span>
     <span class='ocr_line' id='line_1_21' title="bbox 230 2483 1204 2568; baseline -0.001 -17"><span class='ocrx_word' id='word_1_158' title='bbox 230 2484 284 2551; x_wconf 87' lang='lat' dir='ltr'>vix</span> <span class='ocrx_word' id='word_1_159' title='bbox 309 2487 350 2550; x_wconf 91' lang='lat' dir='ltr'>ab</span> <span class='ocrx_word' id='word_1_160' title='bbox 373 2485 414 2548; x_wconf 88' lang='lat' dir='ltr'>iis</span> <span class='ocrx_word' id='word_1_161' title='bbox 438 2484 567 2565; x_wconf 87' lang='lat' dir='ltr'>possint</span> <span class='ocrx_word' id='word_1_162' title='bbox 590 2483 746 2565; x_wconf 82' lang='lat' dir='ltr'>disiungi:</span> <span class='ocrx_word' id='word_1_163' title='bbox 772 2485 812 2550; x_wconf 83' lang='lat' dir='ltr'>ci.</span> <span class='ocrx_word' id='word_1_164' title='bbox 837 2485 880 2551; x_wconf 88' lang='lat' dir='ltr'>ib.</span> <span class='ocrx_word' id='word_1_165' title='bbox 908 2486 1087 2566; x_wconf 79' lang='lat' dir='ltr'>5731socr.</span> <span class='ocrx_word' id='word_1_166' title='bbox 1117 2485 1204 2568; x_wconf 80' lang='lat'><strong>106).</strong></span> 
     </span>
    </p>

    <p class='ocr_par' dir='ltr' id='par_1_3' title="bbox 229 2590 1410 3957">
     <span class='ocr_line' id='line_1_22' title="bbox 318 2590 1405 2673; baseline 0.001 -17"><span class='ocrx_word' id='word_1_167' title='bbox 318 2592 410 2656; x_wconf 89' lang='lat' dir='ltr'>Haec</span> <span class='ocrx_word' id='word_1_168' title='bbox 433 2590 620 2673; x_wconf 83' lang='lat' dir='ltr'>fragmenta</span> <span class='ocrx_word' id='word_1_169' title='bbox 636 2591 829 2656; x_wconf 88' lang='lat' dir='ltr'>rhetoricem</span> <span class='ocrx_word' id='word_1_170' title='bbox 844 2592 1019 2657; x_wconf 83' lang='lat' dir='ltr'>manifesto</span> <span class='ocrx_word' id='word_1_171' title='bbox 1036 2593 1177 2673; x_wconf 88' lang='lat' dir='ltr'>sapiunt.</span> <span class='ocrx_word' id='word_1_172' title='bbox 1230 2594 1405 2658; x_wconf 85' lang='lat' dir='ltr'>Praeterea</span> 
     </span>
     <span class='ocr_line' id='line_1_23' title="bbox 231 2695 1403 2779; baseline 0.001 -17"><span class='ocrx_word' id='word_1_173' title='bbox 231 2699 421 2763; x_wconf 89' lang='lat' dir='ltr'>monendum</span> <span class='ocrx_word' id='word_1_174' title='bbox 445 2699 591 2763; x_wconf 89' lang='lat' dir='ltr'>omnibus</span> <span class='ocrx_word' id='word_1_175' title='bbox 615 2698 646 2762; x_wconf 92' lang='lat' dir='ltr'>iu</span> <span class='ocrx_word' id='word_1_176' title='bbox 671 2698 750 2764; x_wconf 85' lang='lat' dir='ltr'>uitis</span> <span class='ocrx_word' id='word_1_177' title='bbox 775 2718 856 2779; x_wconf 90' lang='lat' dir='ltr'>quae</span> <span class='ocrx_word' id='word_1_178' title='bbox 880 2701 920 2764; x_wconf 88' lang='lat' dir='ltr'>ad</span> <span class='ocrx_word' id='word_1_179' title='bbox 945 2695 1084 2764; x_wconf 86' lang='lat' dir='ltr'>oratoris</span> <span class='ocrx_word' id='word_1_180' title='bbox 1110 2698 1179 2764; x_wconf 91' lang='lat' dir='ltr'>sive</span> <span class='ocrx_word' id='word_1_181' title='bbox 1203 2705 1307 2764; x_wconf 89' lang='lat' dir='ltr'>artem</span> <span class='ocrx_word' id='word_1_182' title='bbox 1332 2700 1403 2763; x_wconf 90' lang='lat' dir='ltr'>rhe-</span> 
     </span>
     <span class='ocr_line' id='line_1_24' title="bbox 230 2805 1404 2887; baseline 0 -17"><span class='ocrx_word' id='word_1_183' title='bbox 230 2805 364 2870; x_wconf 86' lang='lat' dir='ltr'>toricam</span> <span class='ocrx_word' id='word_1_184' title='bbox 393 2805 462 2870; x_wconf 90' lang='lat' dir='ltr'>sive</span> <span class='ocrx_word' id='word_1_185' title='bbox 489 2805 668 2869; x_wconf 91' lang='lat' dir='ltr'>orationum</span> <span class='ocrx_word' id='word_1_186' title='bbox 700 2824 863 2872; x_wconf 89' lang='lat' dir='ltr'>numerum</span> <span class='ocrx_word' id='word_1_187' title='bbox 892 2811 1043 2887; x_wconf 88' lang='lat' dir='ltr'>spectant</span> <span class='ocrx_word' id='word_1_188' title='bbox 1067 2806 1169 2871; x_wconf 87' lang='lat' dir='ltr'>isdem</span> <span class='ocrx_word' id='word_1_189' title='bbox 1202 2807 1270 2871; x_wconf 86' lang='lat' dir='ltr'>iere</span> <span class='ocrx_word' id='word_1_190' title='bbox 1295 2806 1404 2871; x_wconf 87' lang='lat' dir='ltr'>verbis</span> 
     </span>
     <span class='ocr_line' id='line_1_25' title="bbox 230 2912 1404 2992; baseline -0.001 -15"><span class='ocrx_word' id='word_1_191' title='bbox 230 2913 345 2992; x_wconf 91' lang='lat' dir='ltr'>ubique</span> <span class='ocrx_word' id='word_1_192' title='bbox 362 2912 602 2977; x_wconf 87' lang='lat' dir='ltr'>commemorari</span> <span class='ocrx_word' id='word_1_193' title='bbox 623 2912 723 2977; x_wconf 90' lang='lat' dir='ltr'>itaut</span> <span class='ocrx_word' id='word_1_194' title='bbox 747 2913 853 2978; x_wconf 89' lang='lat' dir='ltr'>omnia</span> <span class='ocrx_word' id='word_1_195' title='bbox 869 2914 923 2976; x_wconf 92' lang='lat' dir='ltr'>uni</span> <span class='ocrx_word' id='word_1_196' title='bbox 946 2914 1069 2978; x_wconf 89' lang='lat' dir='ltr'>auctori</span> <span class='ocrx_word' id='word_1_197' title='bbox 1094 2914 1237 2978; x_wconf 89' lang='lat' dir='ltr'>tribuere</span> <span class='ocrx_word' id='word_1_198' title='bbox 1262 2933 1324 2977; x_wconf 90' lang='lat' dir='ltr'>non</span> <span class='ocrx_word' id='word_1_199' title='bbox 1349 2915 1404 2978; x_wconf 75' lang='lat' dir='ltr'>‹lu-</span> 
     </span>
     <span class='ocr_line' id='line_1_26' title="bbox 230 3020 1405 3103; baseline -0.003 -16"><span class='ocrx_word' id='word_1_200' title='bbox 230 3021 378 3088; x_wconf 90' lang='lat' dir='ltr'>bitemus.</span> <span class='ocrx_word' id='word_1_201' title='bbox 438 3023 554 3102; x_wconf 89' lang='lat' dir='ltr'>Itaque</span> <span class='ocrx_word' id='word_1_202' title='bbox 589 3039 794 3103; x_wconf 87' lang='lat' dir='ltr'>quamquam,</span> <span class='ocrx_word' id='word_1_203' title='bbox 835 3039 904 3085; x_wconf 88' lang='lat' dir='ltr'>curn</span> <span class='ocrx_word' id='word_1_204' title='bbox 945 3021 1067 3085; x_wconf 88' lang='lat' dir='ltr'>minora</span> <span class='ocrx_word' id='word_1_205' title='bbox 1108 3020 1174 3084; x_wconf 89' lang='lat' dir='ltr'>sint</span> <span class='ocrx_word' id='word_1_206' title='bbox 1209 3021 1405 3101; x_wconf 70' lang='lat' dir='ltr'>magmenta,</span> 
     </span>
     <span class='ocr_line' id='line_1_27' title="bbox 230 3126 1405 3210; baseline -0.005 -17"><span class='ocrx_word' id='word_1_207' title='bbox 230 3133 353 3193; x_wconf 90' lang='lat' dir='ltr'>certum</span> <span class='ocrx_word' id='word_1_208' title='bbox 376 3127 521 3210; x_wconf 84' lang='lat' dir='ltr'>prolerre</span> <span class='ocrx_word' id='word_1_209' title='bbox 549 3127 699 3192; x_wconf 88' lang='lat' dir='ltr'>iudicium</span> <span class='ocrx_word' id='word_1_210' title='bbox 726 3146 789 3192; x_wconf 91' lang='lat' dir='ltr'>uon</span> <span class='ocrx_word' id='word_1_211' title='bbox 816 3127 929 3209; x_wconf 79' lang='lat' dir='ltr'>ausim,</span> <span class='ocrx_word' id='word_1_212' title='bbox 954 3127 1041 3193; x_wconf 86' lang='lat' dir='ltr'>vitas</span> <span class='ocrx_word' id='word_1_213' title='bbox 1066 3126 1239 3207; x_wconf 88' lang='lat' dir='ltr'>primarias</span> <span class='ocrx_word' id='word_1_214' title='bbox 1264 3127 1405 3191; x_wconf 83' lang='lat' dir='ltr'>Pseudo-</span> 
     </span>
     <span class='ocr_line' id='line_1_28' title="bbox 232 3233 1406 3317; baseline -0.003 -17"><span class='ocrx_word' id='word_1_215' title='bbox 232 3236 439 3317; x_wconf 87' lang='lat' dir='ltr'>plutareheas</span> <span class='ocrx_word' id='word_1_216' title='bbox 469 3254 489 3299; x_wconf 93' lang='lat' dir='ltr'>a</span> <span class='ocrx_word' id='word_1_217' title='bbox 520 3233 660 3299; x_wconf 88' lang='lat' dir='ltr'>Caecilio</span> <span class='ocrx_word' id='word_1_218' title='bbox 693 3233 862 3299; x_wconf 89' lang='lat' dir='ltr'>Calactino</span> <span class='ocrx_word' id='word_1_219' title='bbox 894 3234 1077 3314; x_wconf 89' lang='lat' dir='ltr'>consriptas</span> <span class='ocrx_word' id='word_1_220' title='bbox 1107 3251 1179 3298; x_wconf 89' lang='lat' dir='ltr'>esse</span> <span class='ocrx_word' id='word_1_221' title='bbox 1211 3233 1406 3297; x_wconf 89' lang='lat' dir='ltr'>verisimilli-</span> 
     </span>
     <span class='ocr_line' id='line_1_29' title="bbox 231 3339 1407 3423; baseline -0.003 -16"><span class='ocrx_word' id='word_1_222' title='bbox 231 3361 314 3408; x_wconf 91' lang='lat' dir='ltr'>mum</span> <span class='ocrx_word' id='word_1_223' title='bbox 337 3342 383 3406; x_wconf 87' lang='lat' dir='ltr'>lit.</span> <span class='ocrx_word' id='word_1_224' title='bbox 427 3341 502 3423; x_wconf 89' lang='lat' dir='ltr'>Ipse</span> <span class='ocrx_word' id='word_1_225' title='bbox 526 3347 634 3406; x_wconf 89' lang='lat' dir='ltr'>autem</span> <span class='ocrx_word' id='word_1_226' title='bbox 659 3346 772 3406; x_wconf 87' lang='lat' dir='ltr'>auctor</span> <span class='ocrx_word' id='word_1_227' title='bbox 796 3339 936 3406; x_wconf 90' lang='lat' dir='ltr'>vitarum</span> <span class='ocrx_word' id='word_1_228' title='bbox 961 3339 1188 3420; x_wconf 81' lang='lat' dir='ltr'>primariorum</span> <span class='ocrx_word' id='word_1_229' title='bbox 1212 3357 1407 3421; x_wconf 85' lang='lat' dir='ltr'>maxumam,</span> 
     </span>
     <span class='ocr_line' id='line_1_30' title="bbox 229 3445 1407 3530; baseline -0.004 -16"><span class='ocrx_word' id='word_1_230' title='bbox 229 3456 266 3514; x_wconf 92' lang='lat' dir='ltr'>ut</span> <span class='ocrx_word' id='word_1_231' title='bbox 289 3454 403 3530; x_wconf 86' lang='lat' dir='ltr'>postea</span> <span class='ocrx_word' id='word_1_232' title='bbox 426 3448 616 3530; x_wconf 86' lang='lat' dir='ltr'>videbimus,</span> <span class='ocrx_word' id='word_1_233' title='bbox 642 3454 768 3528; x_wconf 89' lang='lat' dir='ltr'>partem</span> <span class='ocrx_word' id='word_1_234' title='bbox 792 3445 1050 3512; x_wconf 82' lang='lat' dir='ltr'>exorationibus</span> <span class='ocrx_word' id='word_1_235' title='bbox 1075 3445 1155 3525; x_wconf 88' lang='lat' dir='ltr'>ipsis</span> <span class='ocrx_word' id='word_1_236' title='bbox 1179 3445 1302 3520; x_wconf 88' lang='lat' dir='ltr'>hausit,</span> <span class='ocrx_word' id='word_1_237' title='bbox 1327 3464 1407 3509; x_wconf 90' lang='lat' dir='ltr'>non-</span> 
     </span>
     <span class='ocr_line' id='line_1_31' title="bbox 231 3548 1408 3637; baseline -0.002 -18"><span class='ocrx_word' id='word_1_238' title='bbox 231 3555 320 3620; x_wconf 92' lang='lat' dir='ltr'>nulla</span> <span class='ocrx_word' id='word_1_239' title='bbox 335 3574 376 3619; x_wconf 83' lang='lat' dir='ltr'>ex</span> <span class='ocrx_word' id='word_1_240' title='bbox 393 3548 675 3637; x_wconf 72' lang='lat' dir='ltr'>psephismatibns</span> <span class='ocrx_word' id='word_1_241' title='bbox 690 3573 771 3636; x_wconf 89' lang='lat' dir='ltr'>quae</span> <span class='ocrx_word' id='word_1_242' title='bbox 788 3553 967 3635; x_wconf 87' lang='lat' dir='ltr'>collegerat</span> <span class='ocrx_word' id='word_1_243' title='bbox 984 3553 1138 3616; x_wconf 88' lang='lat' dir='ltr'>Craterus</span> <span class='ocrx_word' id='word_1_244' title='bbox 1164 3550 1218 3633; x_wconf 87' lang='lat' dir='ltr'>(ci.</span> <span class='ocrx_word' id='word_1_245' title='bbox 1235 3551 1408 3617; x_wconf 86' lang='lat' dir='ltr'>Curtius</span> 
     </span>
     <span class='ocr_line' id='line_1_32' title="bbox 231 3650 1410 3746; baseline 0 -22"><span class='ocrx_word' id='word_1_246' title='bbox 231 3650 346 3726; x_wconf 82' lang='lat' dir='ltr'>Plrilol.</span> <span class='ocrx_word' id='word_1_247' title='bbox 372 3661 485 3726; x_wconf 90' lang='lat' dir='ltr'>XXIV</span> <span class='ocrx_word' id='word_1_248' title='bbox 509 3681 539 3741; x_wconf 92' lang='lat' dir='ltr'>p.</span> <span class='ocrx_word' id='word_1_249' title='bbox 565 3662 651 3746; x_wconf 77' lang='lat'>112),</span> <span class='ocrx_word' id='word_1_250' title='bbox 676 3661 703 3725; x_wconf 90' lang='lat' dir='ltr'>si</span> <span class='ocrx_word' id='word_1_251' title='bbox 728 3680 790 3741; x_wconf 89' lang='lat' dir='ltr'>qua</span> <span class='ocrx_word' id='word_1_252' title='bbox 813 3660 919 3724; x_wconf 82' lang='lat' dir='ltr'>ibide</span> <span class='ocrx_word' id='word_1_253' title='bbox 947 3658 1130 3723; x_wconf 88' lang='lat' dir='ltr'>oratoribus</span> <span class='ocrx_word' id='word_1_254' title='bbox 1157 3660 1326 3739; x_wconf 86' lang='lat' dir='ltr'>extabant,</span> <span class='ocrx_word' id='word_1_255' title='bbox 1350 3665 1410 3724; x_wconf 90' lang='grc'>111</span> 
     </span>
     <span class='ocr_line' id='line_1_33' title="bbox 231 3753 1409 3849; baseline -0.005 -17"><span class='ocrx_word' id='word_1_256' title='bbox 231 3786 271 3832; x_wconf 83' lang='lat' dir='ltr'>ex</span> <span class='ocrx_word' id='word_1_257' title='bbox 288 3767 501 3848; x_wconf 90' lang='lat' dir='ltr'>scriptoribus</span> <span class='ocrx_word' id='word_1_258' title='bbox 518 3753 645 3848; x_wconf 87' lang='lat' dir='ltr'>priscae</span> <span class='ocrx_word' id='word_1_259' title='bbox 669 3767 801 3849; x_wconf 79' lang='lat' dir='ltr'>aetatis,</span> <span class='ocrx_word' id='word_1_260' title='bbox 818 3766 869 3846; x_wconf 91' lang='lat' dir='ltr'>qui</span> <span class='ocrx_word' id='word_1_261' title='bbox 895 3785 959 3829; x_wconf 90' lang='lat' dir='ltr'>uua</span> <span class='ocrx_word' id='word_1_262' title='bbox 982 3784 1050 3830; x_wconf 86' lang='lat' dir='ltr'>curn</span> <span class='ocrx_word' id='word_1_263' title='bbox 1076 3770 1205 3828; x_wconf 85' lang='lat' dir='ltr'>oratore</span> <span class='ocrx_word' id='word_1_264' title='bbox 1230 3765 1278 3828; x_wconf 89' lang='lat' dir='ltr'>vel</span> <span class='ocrx_word' id='word_1_265' title='bbox 1299 3765 1409 3845; x_wconf 84' lang='lat' dir='ltr'>poullo</span> 
     </span>
     <span class='ocr_line' id='line_1_34' title="bbox 232 3874 592 3957; baseline 0 -17"><span class='ocrx_word' id='word_1_266' title='bbox 232 3881 305 3957; x_wconf 88' lang='lat' dir='ltr'>post</span> <span class='ocrx_word' id='word_1_267' title='bbox 328 3894 398 3940; x_wconf 90' lang='lat' dir='ltr'>eum</span> <span class='ocrx_word' id='word_1_268' title='bbox 422 3874 592 3940; x_wconf 81' lang='lat' dir='ltr'>florebant.</span> 
     </span>
    </p>
   </div>
   <div class='ocr_carea' id='block_1_2' title="bbox 232 4119 1409 4280">
    <p class='ocr_par' dir='ltr' id='par_1_4' title="bbox 232 4119 1409 4280">
     <span class='ocr_line' id='line_1_35' title="bbox 321 4119 1409 4190; baseline -0.005 -14"><span class='ocrx_word' id='word_1_269' title='bbox 321 4125 346 4190; x_wconf 70' lang='lat' dir='ltr'>i)</span> <span class='ocrx_word' id='word_1_270' title='bbox 367 4123 473 4190; x_wconf 83' lang='lat' dir='ltr'>Didymi</span> <span class='ocrx_word' id='word_1_271' title='bbox 493 4123 666 4177; x_wconf 84' lang='lat' dir='ltr'>Chalcenteri</span> <span class='ocrx_word' id='word_1_272' title='bbox 687 4121 842 4189; x_wconf 83' lang='lat' dir='ltr'>fragmenta</span> <span class='ocrx_word' id='word_1_273' title='bbox 862 4121 975 4189; x_wconf 81' lang='lat' dir='ltr'>collegit</span> <span class='ocrx_word' id='word_1_274' title='bbox 996 4121 1030 4173; x_wconf 88' lang='grc' dir='ltr'>Μ.</span> <span class='ocrx_word' id='word_1_275' title='bbox 1044 4120 1106 4173; x_wconf 80' lang='lat' dir='ltr'>sou</span> <span class='ocrx_word' id='word_1_276' title='bbox 1115 4120 1214 4184; x_wconf 75' lang='grc'>111111,</span> <span class='ocrx_word' id='word_1_277' title='bbox 1236 4119 1309 4186; x_wconf 86' lang='lat' dir='ltr'>Lips.</span> <span class='ocrx_word' id='word_1_278' title='bbox 1331 4121 1409 4185; x_wconf 75' lang='lat'>1854,</span> 
     </span>
     <span class='ocr_line' id='line_1_36' title="bbox 232 4208 1361 4280; baseline -0.005 -14"><span class='ocrx_word' id='word_1_279' title='bbox 232 4213 332 4268; x_wconf 78' lang='lat' dir='ltr'>Caecili</span> <span class='ocrx_word' id='word_1_280' title='bbox 353 4213 470 4267; x_wconf 84' lang='lat' dir='ltr'>rhetoris</span> <span class='ocrx_word' id='word_1_281' title='bbox 490 4213 646 4280; x_wconf 71' lang='lat' dir='ltr'>fragmenta</span> <span class='ocrx_word' id='word_1_282' title='bbox 665 4211 777 4278; x_wconf 83' lang='lat' dir='ltr'>collegit</span> <span class='ocrx_word' id='word_1_283' title='bbox 797 4211 846 4264; x_wconf 50' lang='lat' dir='ltr'>(rt.</span> <span class='ocrx_word' id='word_1_284' title='bbox 867 4210 1107 4274; x_wconf 72' lang='lat' dir='ltr'>liurcklrurrlt,</span> <span class='ocrx_word' id='word_1_285' title='bbox 1132 4208 1253 4261; x_wconf 74' lang='lat' dir='ltr'>ltosileuc</span> <span class='ocrx_word' id='word_1_286' title='bbox 1276 4211 1361 4273; x_wconf 78' lang='grc'>18113).</span> 
     </span>
    </p>
   </div>
   <div class='ocr_carea' id='block_1_3' title="bbox 0 0 1493 4746">
    <p class='ocr_par' dir='ltr' id='par_1_5' title="bbox 0 0 1493 4746">
     <span class='ocr_line' id='line_1_37' title="bbox 0 0 1493 4746; baseline 0 0"><span class='ocrx_word' id='word_1_287' title='bbox 0 0 1493 4746; x_wconf 95' lang='lat' dir='ltr'> </span> 
     </span>
    </p>
   </div>
  </div>
 </body>
</html>
