2970 4746
722 275 761 336 lo

153 490 229 550 sunt
252 485 291 550 de
316 472 440 551 divitiis
465 483 605 549 oratoris
629 483 682 550 vel
702 482 809 564 potius
834 480 976 564 repetita
1000 502 1040 547 ex
1057 502 1086 548 v.
1106 487 1165 562 36;
1191 501 1326 564 sequen·

152 590 240 656 tibus
269 589 418 655 versibus
447 590 489 654 ad
520 588 683 654 orationes
707 588 833 654 reditur
864 589 909 672 (v.
940 587 1102 673 81—84);
1132 591 1162 655 v.
1197 591 1325 654 70-73

151 701 268 762 contra
304 695 373 761 sine
409 696 473 760 ullo
508 694 620 760 ordine
655 694 707 760 hic
741 700 919 776 ponuntur:
957 695 1120 775 complura
1148 694 1193 758 ‘de
1227 714 1327 760 uxore

152 800 327 882 liberisque
351 802 424 867 inde
448 821 468 866 a
492 821 522 867 v.
548 807 608 866 86:
633 804 814 884 συνέγραψε
837 791 864 862 d’
882 791 980 863 adaco
1003 799 1057 872 καὶ
1083 793 1099 861 ὃ
1122 811 1202 875 παῖς
1226 818 1327 881 usque

153 908 194 973 ad
218 927 247 973 v.
274 914 315 972 96
339 907 451 972 insunt
473 907 583 988 itaque
607 905 677 972 veri
700 907 738 971 fit
761 905 957 972 simillimum
981 925 1011 972 ν.
1032 911 1160 970 70-73
1186 906 1228 970 ad
1252 905 1326 971 illos

153 1032 277 1096 versus,
302 1013 385 1095 inpr.
410 1015 453 1079 ad
477 1013 521 1097 (v.
540 1013 597 1097 86)
614 1012 758 1095 Apharei
781 1031 895 1078 nomen
917 1010 1140 1093 explicandum
1157 1013 1327 1077 adiunctos

153 1138 239 1202 esse3
270 1120 335 1186 iam
366 1124 403 1185 ut
435 1121 587 1202 leguntur
610 1139 689 1211 cum
703 1138 761 1201 per
785 1138 820 1184 se
844 1124 934 1184 stare
958 1138 1020 1184 non
1045 1118 1173 1200 possint
1196 1137 1237 1183 ex
1260 1118 1326 1184 iliis

154 1226 305 1293 videntur
334 1245 513 1292 emanasse.
568 1226 619 1290 Ad
651 1246 680 1292 v.
714 1231 844 1290 84-86
873 1225 962 1291 vitae
991 1225 1134 1291 ciusdem
1163 1225 1327 1306 adeamne,

153 1332 267 1414 quibus
296 1331 445 1399 versibus
477 1338 510 1397 et
536 1331 689 1413 repetitio
718 1337 751 1397 et
779 1331 987 1412 amplificatio
1018 1351 1048 1397 v.
1076 1337 1116 1395 58
1142 1330 1325 1395 continetur

153 1438 208 1523 (cf.
233 1458 263 1504 v.
289 1447 346 1501 τοῦ
374 1441 463 1520 βίον
487 1429 515 1501 d'
539 1429 703 1522 ἡμέραις
727 1436 778 1501 διὰ
807 1435 844 1500 τό
875 1441 988 1501 σιτίων
1017 1429 1226 1516 ‹irrumpa-odor
1255 1455 1325 1502 cum

154 1551 211 1609 85:
238 1543 268 1608 oi
291 1543 324 1608 δέ
347 1553 587 1629 τεταρταῖον
609 1537 677 1624 ἅμα
701 1555 772 1620 ταῖς
795 1544 940 1630 ταφαῖς).
981 1545 1027 1609 Et
1043 1545 1103 1609 hoe
1119 1562 1241 1625 quoque
1257 1543 1339 1608 1000*

153 1669 310 1732 quaenam
335 1650 499 1716 sententia
522 1650 610 1731 prior
634 1650 765 1716 steterit
787 1649 1005 1732 intellegitur3
1029 1670 1057 1716 v.
1086 1656 1215 1715 56-,-65
1242 1649 1324 1715 enim

154 1777 235 1839 quae
260 1758 299 1822 de
322 1763 425 1822 morte
441 1756 598 1822 Isocratis
621 1756 720 1839 digna
736 1757 808 1823 visa
825 1763 910 1840 sunt,
935 1776 1016 1838 quae
1033 1763 1327 1839 commemorentur,

154 1870 221 1929 tam
245 1870 322 1946 apte
345 1864 432 1929 inter
456 1883 491 1929 se
515 1865 689 1929 cohaerent
712 1869 748 1928 ut
771 1863 827 1930 vix
850 1863 978 1945 possint
1005 1863 1155 1930 discerni.
1202 1863 1327 1929 Deinde

154 1976 262 2037 autem
277 1971 367 2038 vitae
391 1971 582 2052 compilator
605 1976 639 2036 et
662 1970 720 2035 illa
743 1970 899 2052 repetivit
922 1976 956 2036 et
978 1989 1064 2035 nova
1087 1970 1222 2052 addidit,
1246 1989 1327 2051 quae

155 2077 183 2142 si
206 2097 269 2143 non
294 2079 333 2143 de
357 2083 485 2143 morte
509 2083 655 2143 attamen
679 2078 718 2142 de
741 2083 891 2142 mortuo
913 2078 1059 2142 Isocrate
1084 2086 1159 2142 sunt
1183 2094 1327 2158 quaeque

156 2203 227 2250 cum
250 2203 280 2250 v.
306 2190 459 2249 87-106
484 2183 604 2265 optime
627 2183 872 2265 coniunguntur.

242 2291 296 2354 Ex
330 2289 475 2372 Lycurgi
510 2307 634 2373 quoque
676 2289 746 2356 vita
779 2289 923 2355 nonnulli
957 2290 1019 2355 loci
1058 2288 1111 2355 hic
1150 2295 1321 2371 ponantur.

156 2398 263 2479 Atque
294 2396 429 2478 primum
465 2396 590 2478 quidem
623 2416 654 2461 v,
685 2403 814 2462 56-59
851 2396 1132 2478 amplificationem
1169 2399 1327 2477 praebant

156 2522 307 2569 versuum
339 2503 615 2570 antecedentium:
651 2509 807 2569 anteeunt
830 2523 913 2586 quae
936 2504 1026 2584 leges
1050 2502 1139 2568 latae
1163 2502 1285 2567 fuerint
1309 2521 1328 2566 a

156 2612 316 2695 Lycurgo,
341 2611 473 2678 additur
495 2611 607 2676 fabula
631 2611 670 2675 de
693 2610 762 2675 eius
786 2610 931 2691 coniuge.
973 2609 1053 2673 Tale
1078 2609 1154 2690 qnid
1170 2608 1269 2672 etiam
1292 2607 1325 2672 in
1372 2594 1375 2603 ’

154 2739 184 2785 ν.
211 2725 340 2783 59-67
364 2717 452 2782 inest
476 2717 530 2800 qui
561 2736 675 2782 versus
699 2715 878 2797 respiciant
908 2716 949 2780 ad
972 2735 1003 2780 v.
1031 2721 1174 2780 36-39:
1205 2715 1327 2780 duobus

156 2825 241 2890 eninr
257 2824 336 2890 locis
353 2842 449 2906 qnam
465 2823 551 2890 iuste
567 2842 640 2890 sese
652 2823 794 2906 gesserit
806 2825 977 2904 Lycurgus
991 2822 1206 2903 praedicatur,
1224 2821 1331 2902 priore

157 2931 225 2996 loco
249 2930 282 2995 in
298 2931 493 3012 universum,
517 2930 696 3012 posteriore
719 2931 898 3010 exemplum
915 2930 1012 2993 datur
1035 2929 1087 2994 vel
1111 2927 1330 2993 testimoninm

155 3037 194 3101 cf.
220 3056 250 3103 V.
277 3042 317 3101 39
349 3031 432 3100 ὥστε
462 3036 517 3100 καὶ
547 3033 580 3100 ἐν
610 3047 679 3112 τοῖς
708 3034 923 3121 δικαστηρίοις
953 3033 991 3097 τὸ
1016 3042 1117 3120 φήσαι
1150 3041 1335 3116 Λυκοῦργον

156 3139 258 3206 ἐδόκει
287 3142 439 3229 βοήθημα
463 3137 545 3207 εἶναι
574 3151 619 3226 τις)
644 3146 920 3228 συναγορευομένῳ
953 3161 1022 3207 eum
1055 3147 1113 3205 67:
1153 3136 1334 3203 incitaremur

158 3242 223 3314 ὑπὸ
253 3250 380 3314 ντολλιῡν
410 3247 465 3313 dat
493 3257 539 3334 τῷ
566 3254 729 3336 βοηθήσατ’
759 3273 825 3331 μοι.
873 3251 942 3333 Quo
972 3268 1124 3315 concesso
1148 3266 1177 3311 V.
1204 3252 1334 3311 36-39

160 3357 266 3439 priore
296 3363 408 3423 aetate
440 3357 578 3438 scriptos
609 3376 682 3423 esse
714 3356 918 3422 manifestum
950 3362 1002 3421 est
1025 3355 1143 3438 quippe
1174 3353 1228 3436 qui
1254 3354 1336 3419 satis

160 3469 237 3546 apte
261 3467 302 3530 ad
326 3464 490 3548 ingenium
505 3463 569 3530 viri
593 3463 821 3529 illustrandum
845 3469 922 3544 apto
945 3464 1013 3528 loco
1037 3464 1199 3544 legantur,
1225 3466 1339 3525 contra

160 3569 189 3634 si
219 3590 248 3636 v.
283 3577 412 3636 59—67
445 3570 670 3636 additamenta
702 3570 880 3652 posuimus,
912 3589 942 3635 v.
969 3575 1009 3634 68
1040 3569 1080 3634 de
1107 3567 1234 3650 legibus
1265 3556 1337 3630 con·

164 3675 311 3742 tinuatur
334 3696 417 3759 quae
440 3697 470 3743 v.
495 3683 538 3743 40
562 3676 744 3744 enumerari
768 3683 902 3758 coeptae
927 3682 1011 3741 sunt.

254 3785 380 3851 Deinde
403 3805 433 3852 v.
460 3791 613 3850 95-102
643 3784 855 3866 repetitiones
887 3784 938 3849 vel
970 3779 1238 3863 amplificationes
1267 3797 1339 3844 eon-

160 3890 307 3956 tinentur
343 3892 383 3957 cf.
416 3911 444 3958 V.
477 3898 536 3956 95:
576 3891 699 3971 prr—'tirou
728 3889 761 3953 di
789 3888 988 3974 τελευτήσειν
1019 3937 1025 3950 .
1051 3937 1057 3950 .
1082 3936 1089 3949 .
1115 3936 1122 3948 .
1154 3879 1279 3959 οὐδενὸς
1310 3883 1341 3946 di

154 4006 424 4083 κατηγορήσοι
455 3996 739 4082 τολμήσαντος
762 3995 862 4080 νιλήν
886 3997 1166 4073 Μενεσαίχμοο
1190 4011 1260 4056 curn
1285 3997 1342 4055 83:

153 4093 392 4179 ίῖντοῖλανόντος
430 4095 458 4165 δ’
494 4096 592 4167 αὐτοῦ
627 4103 815 4188 παρέδωκαν
855 4100 927 4176 τοὺς
961 4098 1080 4174 παῖδας
1108 4109 1176 4173 τοῖς
1205 4095 1239 4160 ια’
1272 4107 1304 4159 ⁴t!
1312 4120 1344 4159 ε-

155 4213 374 4292 veooixpoo
404 4208 478 4292 μὲν
508 4208 868 4296 κατηγορήσαντος.
915 4209 964 4272 Αο
986 4206 1122 4288 primum
1145 4206 1222 4269 ordo
1247 4204 1346 4269 mirus
