2970 4746
93 459 126 526 id
145 467 277 544 praeter
297 466 410 529 cetera
428 463 558 546 dignum
577 468 725 546 estquod
742 473 1006 534 commemoretur
1023 464 1274 555 Pseudoplutnr.

92 572 188 634 chum
214 571 247 636 in
272 573 457 637 uuiversum
483 572 583 637 multo
599 572 791 655 diligentius
808 575 923 641 tulisse
940 577 1129 642 archontum
1145 578 1274 643 nomina

92 696 176 758 quae
200 683 343 742 aetatem
368 679 507 743 oratoris
531 679 710 760 respiciant
733 687 767 744 et
796 682 980 747 accuratius
1007 682 1275 750 circumscribant

94 792 139 866 (ν.
165 786 322 848 Zucher
345 787 431 849 Acta
454 804 530 849 sem.
557 786 633 866 phil.
663 787 794 868 hlrlaug.
822 787 848 870 Ι,
874 794 1039 854 298extr
1067 795 1140 855 299.
1167 796 1272 874 302.);

92 892 214 956 Andes
240 897 298 955 46:
324 885 430 1017 ἅρχων
450 884 478 953 δ
491 882 643 979 Ἀθήνησι
663 889 893 980 θεογενίδρς
867 913 933 957 ανστ
961 894 1043 959 εἶναι
1060 896 1274 982 πρεσβύτερον

324 988 420 1062 αυτὸν
443 1003 567 1062 Λυσίου
592 997 675 1063 ἔτεσι
701 1023 765 1065 ττου
789 1006 801 1064 ί

95 1106 217 1187 Lysiae
242 1111 343 1169 6-7:
368 1103 534 1189 γενόμενος
558 1125 657 1187 usque
681 1109 722 1174 ad
747 1098 944 1189 ὀλυμπιάδος

158 1264 170 1290 ,,
246 1217 300 1277 13;
327 1209 382 1275 ἐπὶ
407 1211 617 1296 Πραξιτέλους
640 1206 792 1298 ἄρχοντος

160 1371 172 1399 ,,
247 1324 301 1383 17;
327 1319 449 1404 Καλλίᾳ
471 1338 572 1400 usque
596 1320 637 1385 ad
665 1325 704 1385 19
729 1319 900 1386 οἰκούντων

157 1477 170 1505 ,,
243 1422 382 1519 nigdol
407 1425 544 1490 Καλλίου
567 1435 624 1490 τοῦ
646 1427 728 1508 μετὰ
753 1424 944 1513 Κλεόκριτον
967 1422 1117 1514 ἄρχοντος

157 1585 170 1612 ,,
242 1538 298 1597 33:
324 1524 376 1596 ἔντ’
400 1523 550 1618 οἷναρχίας
575 1542 628 1620 τῆς
651 1526 715 1619 τιρδ
742 1526 911 1599 Εὐκλείδου

96 1639 254 1705 Isocratis
290 1645 389 1705 7-8:
415 1644 646 1725 Μυρρινουσίου
669 1633 819 1726 ἄρχοντος
842 1632 992 1730 Ἀθήνησι

169 1800 183 1827 ,,
270 1754 325 1812 57;
350 1744 405 1811 ἐπὶ
430 1746 617 1832 Χαιρώνδου
640 1741 791 1833 ἄρχοντος

97 1853 326 1919 Demosthenis
352 1859 499 1918 21--222
525 1851 581 1917 ἐπὶ
608 1851 823 1938 Τιμοκράτους
846 1849 995 1940 ἄρχοντος

211 2013 224 2041 ,,
430 1965 504 2024 194:
529 1957 584 2024 ἐπὶ
611 1965 744 2045 Γοργίου
767 1955 918 2047 ἄρχοντος

99 2068 276 2150 Hyperidis
285 2072 431 2132 40-41:
446 2068 500 2130 nul
514 2061 616 2144 οὕτως
628 2065 810 2154 ἐτελεύτησε
823 2070 1093 2154 τιυανεψιιῦνοςθ’
1102 2069 1272 2154 ἱσταμένου

211 2227 224 2255 ,,
286 2180 432 2239 91-921
459 2171 512 2237 imi
532 2178 644 2238 Ξενίου
659 2169 811 2256 ἄρχοντος
831 2177 1030 2263 γαμηλιῶνος
1052 2176 1077 2256 ζ’
1096 2182 1272 2264 φθίνοντος

101 2281 259 2347 llinarchi
271 2288 309 2346 16
317 2320 350 2329 -
360 2287 414 2345 18:
429 2282 504 2365 νιερὶ
516 2280 571 2368 τὴν
584 2280 764 2368 κατάληψιν
773 2322 798 2328 -
808 2274 1102 2368 ἐντ’Άναξικρδτους
1113 2278 1274 2370 ἄρχοντος.

190 2390 321 2454 Duohus
351 2389 430 2453 locis
459 2388 556 2453 etiam
587 2391 672 2470 atiud
697 2389 845 2454 Photium
874 2390 1067 2472 olympiadis
1091 2409 1204 2456 nomen
1227 2391 1274 2457 in-

101 2496 246 2562 venitur:

22 2640 27 2647 ·
100 2602 222 2667 Andee.
248 2606 305 2665 45:
329 2594 419 2684 ἄρχει
443 2594 471 2664 d'
495 2593 582 2687 αὐτῷ
606 2610 645 2666 τί
646 2627 662 2678 ς
686 2607 839 2687 γενέσεως
863 2594 1023 2684 δλυμττιιίς
1044 2603 1103 2684 μὲν
1127 2603 1163 2668 ον’

101 2711 202 2776 Iseon.
229 2715 329 2774 6-7:
355 2707 522 2793 γενόμενος
545 2709 576 2772 δὲ
602 2709 681 2773 κατὰ
707 2709 762 2796 τὴν
786 2709 840 2790 mg'
865 2701 1048 2792 ὀλυμπιάδα

102 2838 163 2883 uno
187 2819 256 2884 loco
280 2819 508 2884 archontatus:

101 2926 179 3006 LyS.
209 2931 263 2990 16:
288 2922 349 3000 ἕως
373 2924 561 3010 Κλεοκρίτου
585 2933 641 2986 του
662 2915 830 3011 Ἀθήνησιν
854 2917 1004 3008 ἄρχοντος
1028 2922 1082 3012 'dam
1105 2925 1153 3009 ly'

191 3031 229 3096 ld
253 3031 433 3096 certissime
457 3052 497 3096 ex
522 3031 572 3095 his
595 3030 740 3111 intellegi
758 3035 888 3096 constat
904 3029 1055 3096 Photium
1071 3031 1182 3097 multis
1199 3032 1278 3096 locis

101 3139 285 3203 accuratius
321 3144 462 3204 aetatem
499 3138 762 3202 circumscribere
798 3137 956 3220 omisisse,
993 3138 1047 3203 ubi
1082 3139 1278 3203 Plutarchus

101 3244 326 3310 archontatum
352 3244 552 3326 quinetiam
577 3263 717 3309 mensem
742 3244 888 3324 praehet.
925 3245 1015 3327 Quae
1039 3244 1216 3310 diversitas
1241 3263 1278 3308 eo

102 3351 206 3432 magis
242 3351 324 3416 mira
355 3351 492 3430 videtur,
528 3353 609 3431 quod
640 3357 754 3415 contra
783 3351 889 3415 omnia
912 3369 994 3430 quae
1019 3350 1154 3415 Photius
1178 3350 1280 3414 refert

103 3455 232 3522 nomina
267 3458 299 3520 in
335 3457 413 3522 vitis
444 3455 771 3536 Pseudoplutaroheis
807 3456 1015 3523 inveniuntur
1049 3473 1152 3537 neque
1184 3475 1280 3520 unum

103 3583 219 3629 novum
262 3564 353 3630 addit
396 3563 541 3628 Photius.
613 3565 791 3628 Praeterea
833 3581 903 3627 cum
952 3561 1117 3626 archontis
1165 3579 1280 3626 nornen

103 3671 230 3735 omnino
255 3672 340 3736 desit
363 3671 396 3734 in
433 3671 511 3736 vitis
538 3669 704 3735 photianis
728 3669 791 3733 nisi
816 3668 849 3732 in
884 3667 974 3733 vitae
990 3667 1156 3749 Lysianae
1181 3688 1211 3734 ν.
1232 3674 1281 3749 lu,

104 3779 163 3842 hoc
203 3777 270 3840 loro
311 3797 368 3842 cur
407 3779 508 3842 addat
550 3776 685 3841 Photius
728 3775 823 3841 facile
867 3774 1086 3856 intellegitur3
1130 3781 1281 3840 accurate

104 3885 186 3948 enim
205 3885 384 3965 eximimere
397 3884 498 3949 voluit
511 3882 661 3964 quamdiu
675 3882 795 3963 Lysias
808 3886 960 3947 versatus
973 3881 1018 3946 sit
1028 3881 1159 3946 'l'liuriis
1172 3882 1282 3962 itaque

106 3992 145 4054 ad
171 3992 272 4057 verba
296 3982 383 4053 κδκεῑ
409 3991 542 4070 διέμεινε
569 3989 750 4054 definienda
774 3989 934 4069 arlposuit.

195 4101 336 4165 Restant
352 4099 526 4164 Andocidis
548 4104 590 4162 45
616 4108 648 4161 et
665 4099 763 4162 lsruu.
784 4105 824 4178 a,
849 4096 903 4160 uhi
927 4095 1142 4176 olympiadum
1168 4092 1282 4156 saltem

109 4207 237 4272 nornine
263 4207 396 4272 Photius
427 4209 571 4288 praehet,
605 4205 674 4269 siue
698 4210 786 4267 certo
811 4202 954 4284 consilio,
985 4205 1022 4266 ut
1047 4200 1182 4280 videtur,
1214 4216 1282 4262 cum

1088 4306 1120 4357 ᾖ*
