2970 4746
361 467 525 562 ηττῆσθαι
548 475 684 560 λέγεται.
716 472 786 540 ἔστι
809 467 837 540 δ
853 467 952 540 αύτοῦ
974 469 1060 540 καὶε
1045 501 1063 540 ο
1077 469 1142 541 ύπὲ
1141 499 1163 562 ρ
1184 485 1242 542 τοῦ
1260 482 1394 565 ψηφίσ-

360 606 471 663 ματος,
494 579 598 667 ὃδγρα
593 574 833 668 φατοΑρχῖνος
849 580 904 668 τδμ
920 583 1048 647 πολιτεί
1036 587 1088 647 ίαν
1104 575 1203 647 αύτοῖ·
1219 584 1396 670 περιελών,

361 688 416 752 καλ
438 687 519 753 κατά
544 687 660 754 τιῦνλ
685 687 800 775 ε’τερος.
844 686 999 775 1)έγε’νετο
1022 688 1056 753 δέ
1079 689 1314 768 πιθανιότατος
1338 693 1395 756 καὶ

288 800 330 861 45
359 793 564 880 βραχύτατος,
572 806 641 873 τοῖς
650 795 876 873 ἰδιώταιςτοός
884 793 1141 881 πολλούςλόγους
1153 793 1300 883 έκδούς*)
1311 795 1396 884 [εἰσὶ

362 892 390 965 δ’
406 893 495 987 αύτηῖ
510 904 563 966 καὶ
580 907 687 984 τέχναι
704 902 868 989 ῥητορικαὶ
885 907 1103 988 πεποιημέναι
1119 902 1174 966 καὶ
1189 903 1394 991 δημηγορίαι,

363 1004 532 1074 ἐπιστολαί
548 1033 583 1074 τε
598 1009 653 1073 καὶ
669 1007 812 1095 όγκιόμια
835 1009 890 1073 καὶ
906 1007 1080 1096 ἐπιτάφιοι
1101 1009 1156 1073 καὶ
1172 1007 1321 1095 ἓρωτικοὶ
1338 1013 1393 1075 καὶ

364 1114 553 1200 Σωκράτους
575 1108 736 1200 άπολογία
760 1114 973 1202 ἐστοχασμένη
996 1124 1061 1180 ταῖν
1084 1114 1268 1204 δικαστιῦν].
1295 1116 1396 1183 ’δοκεῖ

364 1221 499 1286 δόκανα
524 1220 581 1309 τὴν
604 1221 687 1300 λέξιν
718 1216 847 1299 εόκολος
869 1220 961 1301 εἶναι,
991 1221 1185 1309 δυσμίμητος
1214 1217 1267 1288 ι’όν.
1308 1222 1395 1312 [Δη-

290 1335 332 1394 50
359 1334 524 1415 μοσθένης
535 1321 563 1392 δ’
576 1327 607 1394 ἐν
623 1338 670 1415 τηῖ
685 1328 766 1393 κατὰ
784 1333 926 1415 Νεαίρας
940 1327 1025 1414 λόγῳ
1042 1327 1178 1416 ἐραστὴν
1194 1321 1292 1395 αύτόν
1309 1352 1395 1418 φησι

365 1439 525 1519 γεγονέναι
548 1441 746 1522 Μετανείρας
770 1429 943 1518 ὁμοδούλου
965 1443 1006 1522 τῇ
1028 1439 1162 1522 Νεαίρᾳ.
1206 1430 1342 1525 ὕστερον
1367 1431 1396 1502 δ’

365 1539 460 1628 όγημε
483 1541 661 1628 Βραχύλλου
685 1551 741 1607 τοῦ
765 1535 906 1630 άδελφοῦ
929 1546 1103 1629 θυγατέρα.
1148 1542 1342 1630 μνημονεύει
1367 1536 1396 1608 δ

365 1640 462 1711 αὐτοῦ
478 1649 532 1712 καὶ
549 1648 685 1715 Πλάτων
701 1648 733 1714 όν
749 1659 794 1736 τηῖ
813 1648 939 1736 Φαίδρην
957 1642 1001 1726 ὡς
1015 1648 1198 1715 δεινοτάτου
1216 1650 1321 1716 εἰπεῖν
1338 1655 1397 1718 καὶ

365 1746 790 1843 Ἰσοκράτουςπρεσβυτίρου.
799 1755 932 1844 ἐποίησε
941 1755 974 1820 δὲ
982 1755 1036 1820 καὶ
1045 1748 1195 1832 είςαύτόν
1203 1755 1398 1844 ἐπίγραμμα

293 1863 333 1926 55
367 1862 515 1939 Φιλίσκος
536 1854 763 1950 δ’ίοοκράτοος
784 1863 843 1945 μὲν
867 1862 1033 1949 γνώριμος,
1059 1861 1183 1949 ἑταῖρος
1206 1862 1240 1928 δὲ
1258 1869 1396 1932 Λυσίου·

366 1960 406 2033 δι’
430 1958 466 2036 οὗ
497 1969 634 2057 φανερόν
663 1963 706 2047 ὡς
737 1970 892 2056 προέλαβε
921 1980 989 2046 τοῖς
1017 1966 1130 2050 ἐ’τεσιν,
1155 1967 1174 2033 ό
1195 1971 1251 2033 καὶ
1274 1967 1308 2035 ἐκ
1328 1982 1398 2037 τῶν

280 2158 285 2171 „
367 2067 431 2141 ὑπὸ
455 2075 625 2153 Πλάτωνος
656 2076 826 2163 εἰρημένων
857 2068 1092 2143 άποδείκνυται.
1134 2073 1198 2158 ἔχει
1222 2069 1250 2140 δ)
1280 2072 1396 2157 ούτιος·

428 2189 491 2260 νῦν,
517 2171 543 2246 ὦ
566 2182 750 2270 Καλλιόπης
772 2183 926 2268 θύγατερ,
951 2181 1127 2269 πολυηγόρε
1152 2181 1277 2268 Φρόντι,

474 2288 596 2368 δείξεις,
621 2288 653 2354 εί
673 2316 706 2354 τι
730 2301 859 2377 φρονεῖς
881 2293 936 2353 καί
959 2313 991 2353 τι
1006 2283 1170 2375 ιπερισσόν
1193 2287 1285 2371 ἐ’χεις.

296 2403 337 2461 60
429 2403 474 2480 τηῖ
498 2393 559 2481 γὰρ
583 2393 615 2472 ἐς
637 2389 712 2464 ἄλλο
736 2405 838 2484 σχῆμα
862 2400 1130 2482 μεθαρμοσθέντι
1153 2396 1208 2459 καὶ
1228 2389 1338 2474 ἄλλοις

475 2499 507 2565 όν
529 2500 678 2584 κόσμοισι
701 2506 770 2586 βίου
794 2511 889 2583 σιῦμα
912 2494 1045 2586 λαβόνθ’
1070 2500 1174 2588 ἕτερον

429 2607 477 2673 δεῖ
500 2601 530 2671 τ’
554 2600 668 2696 άρετης
690 2608 808 2697 κήρυκα
831 2619 934 2675 τεκεῖν
957 2635 1029 2675 τινα
1053 2614 1161 2696 Λυσίᾳ
1183 2603 1288 2691 ύμνον,
1365 2621 1366 2624 ’

474 2714 569 2779 δύντα
592 2714 672 2780 κατά
697 2721 878 2806 φθιμένων,
903 2717 957 2780 καὶ
981 2721 1099 2803 στέφος
1121 2708 1300 2784 άθάνατοκ·

430 2820 464 2899 ὃς
486 2821 524 2886 τό
547 2814 577 2886 τ’
602 2820 677 2910 ἐμῆς
703 2833 804 2911 ψυχῆς
827 2822 926 2901 δείξαι
952 2824 1135 2911 φιλέταιρον
1158 2818 1265 2888 άπασι

296 2936 335 2994 65
472 2930 526 2993 καλ
549 2927 607 3016 τὴν
629 2939 684 2997 τοῦ
709 2935 871 3018 φθιμένου
894 2939 979 2996 πᾶσι
1001 2935 1125 3017 βροτοῖς
1147 2922 1271 3017 άρετήν.

367 3040 546 3122 συνέγραψε
562 3036 595 3100 δὲ
610 3035 695 3121 λόγια
711 3038 765 3100 καὶ
781 3030 965 3125 Ἰφικράτει,
990 3037 1044 3103 τόν
1059 3037 1117 3119 μὲν
1133 3031 1396 3125 πρὸςλίρμόδιον,

366 3140 421 3208 τόν
433 3143 465 3207 δὲ
477 3143 649 3229 προδοσίας
660 3149 797 3231 κρίνοντι
817 3142 985 3226 Τιμόθεον,
1010 3145 1064 3208 καὶ
1077 3136 1276 3232 άμφοτόροος
1292 3143 1395 3212 ἐνίκα.

367 3242 595 3333 άναδεξαμένου
622 3244 651 3316 δ’
675 3243 873 3339 Ἰφικράτους
901 3250 959 3328 τάς
988 3261 1043 3319 τοῦΙ
1071 3256 1231 3334 Τιμοθέου
1258 3250 1397 3339 πράξεις

366 3367 437 3435 ταῖς
460 3349 624 3436 εύθύναις,
649 3350 817 3442 άναλαβιὺν
840 3357 895 3445 τὴν
919 3368 975 3446 τῆς
990 3359 1162 3445 προδοσίας
1183 3357 1290 3424 αἰτίαν
1306 3351 1395 3427 άπο-

296 3470 337 3530 70
367 3465 508 3550 λογεῖται
531 3464 584 3530 διά
607 3475 663 3533 τοῦ
680 3469 801 3533 Λυσίου
824 3464 927 3549 λόγου,
952 3466 1007 3529 καὶ
1030 3457 1126 3541 αύτὸς
1148 3464 1206 3547 μὲν
1227 3457 1393 3554 άπελύθη,

367 3563 384 3635 ό
407 3571 440 3636 δὲ
463 3571 623 3654 Τιμόθεος
647 3571 813 3661 ἐζημιώθη
835 3574 1001 3650 πλείστοις
1021 3571 1188 3661 χρήμασιν.
1213 3564 1334 3657 άνέγνιυ
1360 3573 1394 3638 δὲ

366 3679 421 3743 καὶ
444 3677 476 3743 ἐν
498 3688 537 3766 τῇ
561 3672 753 3768 Ὀλυμπιακῇ
776 3678 950 3768 πανηγύρει
971 3679 1063 3764 λόγον
1078 3683 1237 3764 μέγιστον,
1262 3678 1394 3744 διαλλα-

365 3789 477 3867 γέντας
499 3785 573 3863 τούς
587 3781 738 3874 Ἕλληνας
760 3788 937 3852 καταλῦσαι
961 3785 1154 3875 Διονύσιον].

305 4051 326 4117 ¹)
346 4052 419 4120 apud
438 4051 566 4106 Photium
585 4069 610 4120 p,
628 4055 682 4107 488
700 4053 717 4107 b
737 4055 779 4108 18.

305 4143 332 4210 *)
350 4141 457 4195 Desunt
479 4140 586 4195 omnino
607 4142 679 4211 apud
698 4142 978 4210 Pseudoplutarchum
998 4141 1079 4195 Photi
1099 4158 1125 4210 p.
1143 4145 1196 4196 488
1214 4143 1231 4196 b
1250 4143 1285 4195 22
1303 4157 1391 4210 usque

216 4229 252 4284 ad
271 4230 359 4284 4881)
379 4232 422 4286 17.
