2970 4746
631 323 843 416 ,ΛΜ

177 530 233 595 lV.
260 529 480 596 Isocratis:
505 535 609 611 pater,
626 547 717 610 avus,
741 530 817 595 ordo
834 527 950 611 patrie,
974 548 1077 594 annus
1094 528 1226 611 natalis,
1239 549 1323 610 sors,

259 655 363 701 annus
387 635 509 718 mortiS,
534 634 715 700 orationum
739 652 919 700 numerus·

195 759 232 822 V.
259 757 390 824 isaei:
420 757 544 840 patria,
569 764 814 840 praeceptoreS,
838 777 989 823 numerus
1013 757 1213 841 orationum,
1238 757 1324 823 ratio

257 864 392 929 dicendi.

177 980 232 1043 Vl.
259 979 494 1044 Aeschinis:
527 985 636 1060 pater,
668 984 789 1061 mater,
814 997 934 1060 pagna,
959 997 1054 1060 gena,
1084 985 1322 1061 praeceptores

256 1103 335 1166 sors,
360 1085 445 1149 ratio
470 1085 605 1165 dicendi,
630 1083 811 1149 orationum
836 1103 996 1149 numerus.

163 1210 237 1274 Vll.
256 1208 446 1290 Lycurgi:
478 1213 581 1291 pater,
607 1227 697 1290 avua,
721 1226 835 1290 pagus,
859 1226 954 1290 gens,
979 1212 1217 1290 praeceptores,
1242 1226 1322 1290 som,

157 1337 165 1346 ·
256 1313 436 1379 orationum
459 1332 619 1379 numerus.

148 1430 239 1494 VIII.
258 1428 563 1494 Demosthenis:
588 1433 692 1510 pater,
718 1433 830 1511 mater,
847 1444 937 1511 evus,
954 1447 1068 1510 pagus,
1085 1433 1322 1510 praeceptores

256 1554 335 1617 sors,
347 1534 580 1599 annusnatalis
590 1533 700 1618 (facile
710 1534 883 1615 quidemex
892 1532 1207 1616 v.81intellegitnr),
1220 1552 1324 1598 annus
1366 1568 1368 1572 ·

258 1641 380 1724 mortiS,
406 1640 586 1706 orationum
609 1660 769 1706 numerus.

168 1767 227 1832 IX.
256 1765 490 1848 Hyperidis:
531 1771 642 1848 pater,
679 1785 774 1849 avus,
804 1785 922 1849 pagna,
953 1771 1198 1847 praeceptoreS,
1229 1784 1318 1848 sors,

259 1871 438 1937 orationum
463 1891 622 1938 numerus

189 1988 229 2051 X.
255 1987 478 2053 Dinarchi:
514 1993 625 2070 pater,
660 1987 784 2070 patria,
820 1988 1001 2054 orationum
1035 2006 1204 2072 numeruS,
1240 1987 1325 2053 ratio

260 2092 395 2158 dicendi.

242 2226 341 2290 Vides
365 2226 398 2290 in
423 2227 569 2291 omnibus
592 2226 671 2293 vitis
695 2225 840 2292 ordinem
863 2227 932 2292 sere
955 2228 1090 2292 eundem
1113 2227 1268 2307 inveniri,
1292 2227 1325 2291 in

153 2332 299 2396 omnihus
328 2331 533 2396 nominantur
561 2338 688 2413 patrum
723 2332 865 2414 nomina,
895 2334 978 2413 apud
1011 2333 1260 2398 Demosthenem
1291 2338 1326 2396 et

154 2436 348 2502 Aeschinem
383 2445 555 2518 praeterea
590 2438 719 2518 matris3
756 2437 963 2503 nominantur
998 2439 1093 2521 haec,
1128 2439 1210 2518 quod
1241 2439 1326 2503 alter

154 2550 264 2608 orator
288 2544 423 2608 alterins
455 2545 552 2608 matri
583 2545 807 2610 maledicebat.
856 2544 919 2610 Avi
937 2558 1056 2611 ‘nomen
1080 2545 1166 2610 inest
1189 2545 1222 2609 in
1246 2543 1325 2611 vitis

156 2649 343 2732 AndocidiS,
368 2650 500 2731 Lysiae,
518 2650 683 2732 Isocratis
707 2650 860 2733 Lycurgi,
876 2650 1115 2734 Demosthenis,
1132 2650 1326 2732 Hyperidis3

153 2757 238 2837 apud
262 2756 455 2821 Aeschinem
481 2756 550 2822 sine
574 2756 670 2822 dnbio
694 2760 733 2822 ob
758 2756 791 2822 id
814 2756 991 2838 omittitur,
1017 2758 1099 2837 quod
1122 2757 1227 2822 minus
1252 2775 1324 2822 con-

154 2865 274 2927 stabat.
317 2865 426 2944 Pagns
450 2883 557 2928 eorum
575 2871 738 2928 oratorum
762 2863 901 2942 additur,
927 2863 980 2943 qui
1004 2863 1092 2930 cives
1108 2862 1325 2927 Athenienses

153 2974 258 3033 erant.
311 2970 401 3051 Quae
430 2976 559 3034 restant
588 2968 817 3035 similitudines
853 2970 886 3034 in
920 2969 1105 3035 universum
1138 2970 1263 3049 quidem
1293 2968 1327 3032 in

152 3075 297 3139 comibus
326 3074 405 3140 uitis
435 3075 658 3157 inveniuntur,
688 3074 752 3140 nisi
780 3077 862 3155 quod
892 3077 931 3141 de
955 3074 1119 3140 Dinarcho
1150 3093 1253 3155 planca
1282 3073 1328 3139 di·

152 3182 287 3262 vulgata
310 3188 420 3261 erant,
454 3184 537 3262 apud
562 3183 733 3247 nonnullos
758 3183 907 3248 omissum
939 3187 991 3247 est
1014 3180 1166 3246 iudicium
1190 3180 1327 3246 rationis

153 3288 294 3352 dicendi:
325 3289 359 3353 in
389 3289 460 3355 vita
484 3289 706 3372 Antiphontis
738 3289 791 3370 qui
819 3289 927 3355 nescio
960 3309 1001 3354 an
1030 3289 1070 3353 ob
1100 3306 1170 3352 eam
1202 3291 1326 3351 tantum

152 3413 283 3459 causam
316 3395 349 3459 in
380 3414 534 3459 canonem
559 3401 709 3476 receptus
734 3397 794 3478 sit,
820 3397 901 3476 quod
925 3400 1035 3460 aetate
1065 3412 1232 3458 maxumus
1257 3399 1329 3456 erat

153 3501 351 3581 llorebatque
383 3501 494 3582 quinto
526 3502 671 3584 saeculo,
703 3504 788 3583 apud
819 3505 1019 3584 Lycurgum,
1049 3520 1141 3581 quem
1171 3519 1232 3564 non
1262 3506 1328 3563 tam

154 3613 315 3672 oratorem
345 3627 440 3688 quam
471 3608 692 3691 legislatorem
725 3627 797 3674 sese
832 3607 1041 3690 praestitisse
1072 3607 1155 3673 satis
1187 3611 1328 3687 constat,

154 3714 239 3794 apud
263 3714 443 3780 Isocratem
470 3719 505 3779 et
531 3715 795 3797 Demosthenem,
826 3716 909 3795 quod
932 3715 1015 3794 apud
1045 3714 1130 3778 hunc
1162 3731 1200 3778 eo
1225 3702 1329 3794 magis

156 3820 269 3886 mirum
293 3821 438 3904 videtur,
463 3822 545 3902 quod
577 3841 594 3886 e
618 3821 757 3903 Dionysi
781 3821 1085 3886 Halicarnassensis
1110 3839 1205 3902 opere
1234 3821 1274 3884 de
1298 3817 1330 3883 vi

156 3927 283 3992 dicendi
308 3927 536 3994 Demosthenis
566 3930 608 3994 ad
632 3929 715 3994 hanc
742 3948 809 3993 rem
840 3927 1098 4009 amplificandam
1122 3927 1224 3995 multa
1248 3923 1329 3991 sumi

157 4039 318 4113 poterant.
366 4034 431 4099 Sed
454 4034 574 4115 aliquid
591 4036 630 4100 de
655 4034 855 4099 orationibus
878 4034 911 4099 in
936 4034 1082 4099 omnibns
1107 4033 1184 4098 vitis
1209 4033 1330 4114 legitur

157 4146 191 4204 ct
215 4141 263 4205 ita
287 4140 427 4221 quidem,
453 4146 488 4205 ut
512 4142 627 4221 ubique
652 4141 702 4206 his
726 4141 836 4207 verbis
861 4142 913 4206 vel
937 4141 1124 4223 sententiis,
1149 4159 1230 4220 qnae
1254 4146 1331 4202 stitit

157 4246 197 4312 de
221 4250 294 4311 arte
317 4246 481 4320 rhetorica
509 4247 578 4314 sive
610 4247 791 4313 orationum
814 4265 961 4330 numero,
994 4246 1101 4314 altera
1124 4265 1201 4330 pars
1230 4243 1330 4318 mani·
