<?xml version="1.0" encoding="UTF-8"?>
<!DOCTYPE html PUBLIC "-//W3C//DTD XHTML 1.0 Transitional//EN"
    "http://www.w3.org/TR/xhtml1/DTD/xhtml1-transitional.dtd">
<html xmlns="http://www.w3.org/1999/xhtml" xml:lang="en" lang="en">
 <head>
  <title>
</title>
<meta http-equiv="Content-Type" content="text/html;charset=utf-8" />
  <meta name='ocr-system' content='tesseract 3.04.00' />
  <meta name='ocr-capabilities' content='ocr_page ocr_carea ocr_par ocr_line ocrx_word'/>
</head>
<body>
  <div class='ocr_page' id='page_1' title='image "./deplutarchiquae00prasgoog_0067.png"; bbox 0 0 2970 4746; ppageno 0'>
   <div class='ocr_carea' id='block_1_1' title="bbox 224 266 1324 3655">
    <p class='ocr_par' dir='ltr' id='par_1_1' title="bbox 224 266 1324 3655">
     <span class='ocr_line' id='line_1_1' title="bbox 714 266 755 327; baseline 0.049 -2"><span class='ocrx_word' id='word_1_1' title='bbox 714 266 755 327; x_wconf 70' lang='lat'><em>62</em></span> 
     </span>
     <span class='ocr_line' id='line_1_2' title="bbox 296 463 1321 558; baseline 0.007 -25"><span class='ocrx_word' id='word_1_2' title='bbox 296 469 433 552; x_wconf 83' lang='grc' dir='ltr'><em>σάμενος</em></span> <span class='ocrx_word' id='word_1_3' title='bbox 456 463 485 534; x_wconf 74' lang='grc' dir='ltr'><em>δ’</em></span> <span class='ocrx_word' id='word_1_4' title='bbox 509 469 540 535; x_wconf 84' lang='grc' dir='ltr'><em>έν</em></span> <span class='ocrx_word' id='word_1_5' title='bbox 564 470 821 558; x_wconf 68' lang='grc' dir='ltr'><em>παρακαταθήκῃ</em></span> <span class='ocrx_word' id='word_1_6' title='bbox 844 471 932 557; x_wconf 83' lang='grc' dir='ltr'><em>παρά</em></span> <span class='ocrx_word' id='word_1_7' title='bbox 957 482 1021 537; x_wconf 82' lang='grc' dir='ltr'><em>τιῦν</em></span> <span class='ocrx_word' id='word_1_8' title='bbox 1044 473 1182 554; x_wconf 78' lang='grc' dir='ltr'><em>ίδιιυτιῡν</em></span> <span class='ocrx_word' id='word_1_9' title='bbox 1198 475 1246 539; x_wconf 87' lang='grc' dir='ltr'><em>ον’</em></span> <span class='ocrx_word' id='word_1_10' title='bbox 1264 475 1321 540; x_wconf 91' lang='grc' dir='ltr'><em>τά-</em></span> 
     </span>
     <span class='ocr_line' id='line_1_3' title="bbox 296 573 1322 667; baseline 0.007 -27"><span class='ocrx_word' id='word_1_11' title='bbox 296 579 393 642; x_wconf 89' lang='grc' dir='ltr'><em>λαντα</em></span> <span class='ocrx_word' id='word_1_12' title='bbox 418 575 563 664; x_wconf 76' lang='grc' dir='ltr'><em>ἐφύλαξε,</em></span> <span class='ocrx_word' id='word_1_13' title='bbox 589 577 737 659; x_wconf 81' lang='grc' dir='ltr'><em>πομπεῖά</em></span> <span class='ocrx_word' id='word_1_14' title='bbox 762 603 797 643; x_wconf 88' lang='grc' dir='ltr'><em>τε</em></span> <span class='ocrx_word' id='word_1_15' title='bbox 817 589 916 664; x_wconf 82' lang='grc' dir='ltr'><em>χρυσα</em></span> <span class='ocrx_word' id='word_1_16' title='bbox 941 580 993 643; x_wconf 78' lang='grc' dir='ltr'><em>καί</em></span> <span class='ocrx_word' id='word_1_17' title='bbox 1019 573 1139 666; x_wconf 77' lang='grc' dir='ltr'><em>άργυρά</em></span> <span class='ocrx_word' id='word_1_18' title='bbox 1164 590 1203 667; x_wconf 72' lang='grc' dir='ltr'><em>τῇ</em></span> <span class='ocrx_word' id='word_1_19' title='bbox 1230 581 1322 647; x_wconf 86' lang='grc' dir='ltr'><em>πόλει</em></span> 
     </span>
     <span class='ocr_line' id='line_1_4' title="bbox 296 679 1323 774; baseline 0.005 -27"><span class='ocrx_word' id='word_1_20' title='bbox 296 680 506 748; x_wconf 81' lang='grc' dir='ltr'><em>κατεσκεύασε</em></span> <span class='ocrx_word' id='word_1_21' title='bbox 522 684 576 747; x_wconf 79' lang='grc' dir='ltr'><em>καὶ</em></span> <span class='ocrx_word' id='word_1_22' title='bbox 593 688 696 760; x_wconf 90' lang='grc' dir='ltr'><em>Νίκας</em></span> <span class='ocrx_word' id='word_1_23' title='bbox 709 685 851 773; x_wconf 82' lang='grc' dir='ltr'><em>χρυσᾶς].</em></span> <span class='ocrx_word' id='word_1_24' title='bbox 889 684 991 749; x_wconf 81' lang='grc' dir='ltr'><em>πολλὰ</em></span> <span class='ocrx_word' id='word_1_25' title='bbox 1017 679 1045 749; x_wconf 75' lang='grc' dir='ltr'><em>δ’</em></span> <span class='ocrx_word' id='word_1_26' title='bbox 1061 680 1198 772; x_wconf 74' lang='grc' dir='ltr'><em>’ήμίεργα</em></span> <span class='ocrx_word' id='word_1_27' title='bbox 1215 713 1323 774; x_wconf 88' lang='grc' dir='ltr'><em>παρα-</em></span> 
     </span>
     <span class='ocr_line' id='line_1_5' title="bbox 296 787 1322 881; baseline 0.006 -28"><span class='ocrx_word' id='word_1_28' title='bbox 296 788 400 872; x_wconf 77' lang='grc' dir='ltr'><em>λαβιδν</em></span> <span class='ocrx_word' id='word_1_29' title='bbox 431 787 601 867; x_wconf 74' lang='grc' dir='ltr'><em>ἐξετέλεσε,</em></span> <span class='ocrx_word' id='word_1_30' title='bbox 634 791 687 854; x_wconf 86' lang='grc' dir='ltr'><em>καὶ</em></span> <span class='ocrx_word' id='word_1_31' title='bbox 720 794 910 867; x_wconf 73' lang='grc' dir='ltr'><em>νεωσοίκους</em></span> <span class='ocrx_word' id='word_1_32' title='bbox 946 792 999 855; x_wconf 85' lang='grc' dir='ltr'><em>καὶ</em></span> <span class='ocrx_word' id='word_1_33' title='bbox 1028 790 1085 877; x_wconf 87' lang='grc' dir='ltr'><em>τήν</em></span> <span class='ocrx_word' id='word_1_34' title='bbox 1111 793 1322 881; x_wconf 87' lang='grc' dir='ltr'><em>σκευοθήκην,</em></span> 
     </span>
     <span class='ocr_line' id='line_1_6' title="bbox 224 896 1322 988; baseline 0.004 -26"><span class='ocrx_word' id='word_1_35' title='bbox 224 905 265 963; x_wconf 79' lang='lat'><em>25</em></span> <span class='ocrx_word' id='word_1_36' title='bbox 296 898 349 961; x_wconf 79' lang='grc' dir='ltr'><em>καὶ</em></span> <span class='ocrx_word' id='word_1_37' title='bbox 373 905 418 982; x_wconf 80' lang='grc' dir='ltr'><em>τῳ</em></span> <span class='ocrx_word' id='word_1_38' title='bbox 434 896 554 981; x_wconf 90' lang='grc' dir='ltr'><em>σταδίῳ</em></span> <span class='ocrx_word' id='word_1_39' title='bbox 571 903 871 984; x_wconf 57' lang='grc' dir='ltr'><em>τῳιίίαναθηναϊκῳ</em></span> <span class='ocrx_word' id='word_1_40' title='bbox 887 897 943 984; x_wconf 85' lang='grc' dir='ltr'><em>τήν</em></span> <span class='ocrx_word' id='word_1_41' title='bbox 962 899 1101 985; x_wconf 86' lang='grc' dir='ltr'><em>κρηπῖδα</em></span> <span class='ocrx_word' id='word_1_42' title='bbox 1117 905 1322 988; x_wconf 83' lang='grc' dir='ltr'><em>περιέθηκεν,</em></span> 
     </span>
     <span class='ocr_line' id='line_1_7' title="bbox 297 1001 1322 1095; baseline 0.001 -26"><span class='ocrx_word' id='word_1_43' title='bbox 297 1002 558 1092; x_wconf 72' lang='grc' dir='ltr'><em>[ἐξεργασάμενος</em></span> <span class='ocrx_word' id='word_1_44' title='bbox 570 1003 666 1069; x_wconf 86' lang='grc' dir='ltr'><em>τοῦτό</em></span> <span class='ocrx_word' id='word_1_45' title='bbox 677 1028 712 1069; x_wconf 90' lang='grc' dir='ltr'><em>τε</em></span> <span class='ocrx_word' id='word_1_46' title='bbox 725 1006 778 1069; x_wconf 72' lang='grc' dir='ltr'><em>καί,</em></span> <span class='ocrx_word' id='word_1_47' title='bbox 790 1003 846 1091; x_wconf 84' lang='grc' dir='ltr'><em>τήν</em></span> <span class='ocrx_word' id='word_1_48' title='bbox 860 1004 1019 1092; x_wconf 74' lang='grc' dir='ltr'><em>χαράδραν</em></span> <span class='ocrx_word' id='word_1_49' title='bbox 1036 1001 1156 1093; x_wconf 82' lang='grc' dir='ltr'><em>ὁμαλήν</em></span> <span class='ocrx_word' id='word_1_50' title='bbox 1171 1007 1322 1095; x_wconf 81' lang='grc' dir='ltr'><em>ποιήσας,</em></span> 
     </span>
     <span class='ocr_line' id='line_1_8' title="bbox 298 1107 1323 1201; baseline 0.004 -26"><span class='ocrx_word' id='word_1_51' title='bbox 298 1115 426 1176; x_wconf 83' lang='grc' dir='ltr'><em>,ίεινίου</em></span> <span class='ocrx_word' id='word_1_52' title='bbox 449 1108 544 1187; x_wconf 81' lang='grc' dir='ltr'><em>τινὸς,</em></span> <span class='ocrx_word' id='word_1_53' title='bbox 570 1108 604 1187; x_wconf 72' lang='grc' dir='ltr'><em>ὃς</em></span> <span class='ocrx_word' id='word_1_54' title='bbox 628 1109 775 1198; x_wconf 74' lang='grc' dir='ltr'><em>ἐκέκτητο</em></span> <span class='ocrx_word' id='word_1_55' title='bbox 797 1120 894 1176; x_wconf 83' lang='grc' dir='ltr'><em>τουτο</em></span> <span class='ocrx_word' id='word_1_56' title='bbox 921 1111 958 1176; x_wconf 75' lang='grc' dir='ltr'><em>τί)</em></span> <span class='ocrx_word' id='word_1_57' title='bbox 979 1117 1106 1199; x_wconf 81' lang='grc' dir='ltr'><em>χωρίον,</em></span> <span class='ocrx_word' id='word_1_58' title='bbox 1131 1107 1262 1191; x_wconf 85' lang='grc' dir='ltr'><em>άνέντος</em></span> <span class='ocrx_word' id='word_1_59' title='bbox 1286 1125 1323 1201; x_wconf 74' lang='grc' dir='ltr'><em>τη</em></span> 
     </span>
     <span class='ocr_line' id='line_1_9' title="bbox 296 1210 1321 1308; baseline 0.004 -26"><span class='ocrx_word' id='word_1_60' title='bbox 296 1216 399 1294; x_wconf 85' lang='grc' dir='ltr'><em>πόλει,</em></span> <span class='ocrx_word' id='word_1_61' title='bbox 425 1215 660 1302; x_wconf 75' lang='grc' dir='ltr'><em>προσειπόντος</em></span> <span class='ocrx_word' id='word_1_62' title='bbox 683 1210 762 1282; x_wconf 83' lang='grc' dir='ltr'><em>αύτὸ</em></span> <span class='ocrx_word' id='word_1_63' title='bbox 783 1223 986 1304; x_wconf 87' lang='grc' dir='ltr'><em>χιιρίσασθαι</em></span> <span class='ocrx_word' id='word_1_64' title='bbox 1010 1218 1210 1308; x_wconf 67' lang='grc' dir='ltr'><em>Λυκούργῳή.</em></span> <span class='ocrx_word' id='word_1_65' title='bbox 1252 1218 1321 1302; x_wconf 82' lang='grc' dir='ltr'><em>’έσχε</em></span> 
     </span>
     <span class='ocr_line' id='line_1_10' title="bbox 296 1316 1323 1413; baseline 0.004 -26"><span class='ocrx_word' id='word_1_66' title='bbox 296 1324 327 1388; x_wconf 78' lang='grc' dir='ltr'><em>δὲ</em></span> <span class='ocrx_word' id='word_1_67' title='bbox 353 1324 406 1388; x_wconf 83' lang='grc' dir='ltr'><em>καὶ</em></span> <span class='ocrx_word' id='word_1_68' title='bbox 429 1332 486 1387; x_wconf 85' lang='grc' dir='ltr'><em>τοῦ</em></span> <span class='ocrx_word' id='word_1_69' title='bbox 510 1316 624 1400; x_wconf 82' lang='grc' dir='ltr'><em>έίστευς</em></span> <span class='ocrx_word' id='word_1_70' title='bbox 639 1322 695 1410; x_wconf 79' lang='grc' dir='ltr'><em>τήν</em></span> <span class='ocrx_word' id='word_1_71' title='bbox 712 1323 852 1412; x_wconf 76' lang='grc' dir='ltr'><em>φυλακήν</em></span> <span class='ocrx_word' id='word_1_72' title='bbox 875 1325 928 1389; x_wconf 80' lang='grc' dir='ltr'><em>καί</em></span> <span class='ocrx_word' id='word_1_73' title='bbox 945 1334 1009 1389; x_wconf 77' lang='grc' dir='ltr'><em>τῶν</em></span> <span class='ocrx_word' id='word_1_74' title='bbox 1025 1324 1209 1412; x_wconf 87' lang='grc' dir='ltr'><em>κακούργιον</em></span> <span class='ocrx_word' id='word_1_75' title='bbox 1221 1327 1243 1413; x_wconf 89' lang='grc' dir='ltr'><em>Ι)</em></span> <span class='ocrx_word' id='word_1_76' title='bbox 1267 1326 1323 1412; x_wconf 82' lang='grc' dir='ltr'><em>τήν</em></span> 
     </span>
     <span class='ocr_line' id='line_1_11' title="bbox 224 1423 1323 1519; baseline 0 -22"><span class='ocrx_word' id='word_1_77' title='bbox 224 1438 265 1497; x_wconf 79' lang='lat'><em>30</em></span> <span class='ocrx_word' id='word_1_78' title='bbox 295 1430 493 1517; x_wconf 70' lang='grc' dir='ltr'><em>σύλληψιν,“”’)</em></span> <span class='ocrx_word' id='word_1_79' title='bbox 518 1429 571 1507; x_wconf 74' lang='grc' dir='ltr'><em>οὓς</em></span> <span class='ocrx_word' id='word_1_80' title='bbox 587 1428 735 1515; x_wconf 71' lang='grc' dir='ltr'><em>ἐξήλασεν</em></span> <span class='ocrx_word' id='word_1_81' title='bbox 751 1425 906 1509; x_wconf 74' lang='grc' dir='ltr'><em>ἅπαντας,</em></span> <span class='ocrx_word' id='word_1_82' title='bbox 933 1423 976 1507; x_wconf 80' lang='grc' dir='ltr'><em>ιδς</em></span> <span class='ocrx_word' id='word_1_83' title='bbox 1000 1432 1053 1495; x_wconf 79' lang='grc' dir='ltr'><em>καὶ</em></span> <span class='ocrx_word' id='word_1_84' title='bbox 1074 1440 1138 1496; x_wconf 84' lang='grc' dir='ltr'><em>τῶν</em></span> <span class='ocrx_word' id='word_1_85' title='bbox 1154 1443 1323 1519; x_wconf 73' lang='grc' dir='ltr'><em>σοφισταῖν</em></span> 
     </span>
     <span class='ocr_line' id='line_1_12' title="bbox 298 1529 1321 1626; baseline 0.002 -24"><span class='ocrx_word' id='word_1_86' title='bbox 298 1536 399 1614; x_wconf 86' lang='grc' dir='ltr'><em>ένίους</em></span> <span class='ocrx_word' id='word_1_87' title='bbox 414 1537 525 1622; x_wconf 85' lang='grc' dir='ltr'><em>λέγειν,</em></span> <span class='ocrx_word' id='word_1_88' title='bbox 551 1547 734 1623; x_wconf 78' lang='grc' dir='ltr'><em>Λυκοῦργον</em></span> <span class='ocrx_word' id='word_1_89' title='bbox 750 1529 786 1602; x_wconf 89' lang='grc' dir='ltr'><em>ού</em></span> <span class='ocrx_word' id='word_1_90' title='bbox 802 1537 924 1619; x_wconf 87' lang='grc' dir='ltr'><em>μέλανι,</em></span> <span class='ocrx_word' id='word_1_91' title='bbox 949 1530 1028 1601; x_wconf 80' lang='grc' dir='ltr'><em>άλλίι</em></span> <span class='ocrx_word' id='word_1_92' title='bbox 1041 1537 1178 1624; x_wconf 87' lang='grc' dir='ltr'><em>θανάτῳ</em></span> <span class='ocrx_word' id='word_1_93' title='bbox 1192 1545 1321 1626; x_wconf 90' lang='grc' dir='ltr'><em>χρίοντα</em></span> 
     </span>
     <span class='ocr_line' id='line_1_13' title="bbox 296 1639 1321 1732; baseline 0.004 -25"><span class='ocrx_word' id='word_1_94' title='bbox 296 1643 351 1709; x_wconf 77' lang='grc' dir='ltr'><em>τὸν</em></span> <span class='ocrx_word' id='word_1_95' title='bbox 363 1642 505 1726; x_wconf 88' lang='grc' dir='ltr'><em>κάλαμον</em></span> <span class='ocrx_word' id='word_1_96' title='bbox 524 1642 604 1708; x_wconf 85' lang='grc' dir='ltr'><em>κατά</em></span> <span class='ocrx_word' id='word_1_97' title='bbox 617 1653 682 1709; x_wconf 67' lang='grc' dir='ltr'><em>ιἰῡν</em></span> <span class='ocrx_word' id='word_1_98' title='bbox 700 1653 856 1732; x_wconf 76' lang='grc' dir='ltr'><em>πονηρῶν,</em></span> <span class='ocrx_word' id='word_1_99' title='bbox 875 1639 959 1708; x_wconf 74' lang='grc' dir='ltr'><em>υίίτιυ</em></span> <span class='ocrx_word' id='word_1_100' title='bbox 975 1645 1181 1732; x_wconf 73' lang='grc' dir='ltr'><em>συγγράφειν.</em></span> <span class='ocrx_word' id='word_1_101' title='bbox 1210 1642 1321 1732; x_wconf 71' lang='grc' dir='ltr'><em>3)ίτ’θεν</em></span> 
     </span>
     <span class='ocr_line' id='line_1_14' title="bbox 297 1743 1320 1840; baseline 0.004 -26"><span class='ocrx_word' id='word_1_102' title='bbox 297 1749 507 1839; x_wconf 75' lang='grc' dir='ltr'><em>έξαιτηθέντα</em></span> <span class='ocrx_word' id='word_1_103' title='bbox 523 1743 619 1816; x_wconf 82' lang='grc' dir='ltr'><em>αύτδν</em></span> <span class='ocrx_word' id='word_1_104' title='bbox 632 1744 688 1817; x_wconf 72' lang='grc' dir='ltr'><em>ὑπ’</em></span> <span class='ocrx_word' id='word_1_105' title='bbox 703 1743 899 1837; x_wconf 70' lang='grc' dir='ltr'><em>Ἀλεξάνδρου</em></span> <span class='ocrx_word' id='word_1_106' title='bbox 916 1760 971 1814; x_wconf 85' lang='grc' dir='ltr'><em>του</em></span> <span class='ocrx_word' id='word_1_107' title='bbox 987 1751 1179 1837; x_wconf 61' lang='grc' dir='ltr'><em>γίασιλέιοςί)</em></span> <span class='ocrx_word' id='word_1_108' title='bbox 1197 1747 1320 1840; x_wconf 83' lang='grc' dir='ltr'><em>ὁδημος</em></span> 
     </span>
     <span class='ocr_line' id='line_1_15' title="bbox 297 1851 1320 1945; baseline 0.005 -26"><span class='ocrx_word' id='word_1_109' title='bbox 297 1851 333 1923; x_wconf 90' lang='grc' dir='ltr'><em>υύ</em></span> <span class='ocrx_word' id='word_1_110' title='bbox 364 1857 536 1945; x_wconf 88' lang='grc' dir='ltr'><em>προήκατο.</em></span> <span class='ocrx_word' id='word_1_111' title='bbox 585 1852 677 1945; x_wconf 78' lang='grc' dir='ltr'><em>[καθ’</em></span> <span class='ocrx_word' id='word_1_112' title='bbox 708 1857 744 1922; x_wconf 80' lang='grc' dir='ltr'><em>δν</em></span> <span class='ocrx_word' id='word_1_113' title='bbox 774 1858 806 1922; x_wconf 78' lang='grc' dir='ltr'><em>δὲ</em></span> <span class='ocrx_word' id='word_1_114' title='bbox 835 1857 945 1945; x_wconf 85' lang='grc' dir='ltr'><em>χρόνον</em></span> <span class='ocrx_word' id='word_1_115' title='bbox 974 1856 1124 1941; x_wconf 74' lang='grc' dir='ltr'><em>ἐπολέμει</em></span> <span class='ocrx_word' id='word_1_116' title='bbox 1158 1860 1320 1935; x_wconf 77' lang='grc' dir='ltr'><em>Φίλιππος</em></span> 
     </span>
     <span class='ocr_line' id='line_1_16' title="bbox 226 1958 1317 2053; baseline -0.003 -22"><span class='ocrx_word' id='word_1_117' title='bbox 226 1970 266 2032; x_wconf 82' lang='grc'><em>35</em></span> <span class='ocrx_word' id='word_1_118' title='bbox 297 1965 377 2053; x_wconf 84' lang='grc' dir='ltr'><em>πρὸς</em></span> <span class='ocrx_word' id='word_1_119' title='bbox 391 1958 580 2053; x_wconf 64' lang='grc' dir='ltr'><em>Ἀθηναίους</em></span> <span class='ocrx_word' id='word_1_120' title='bbox 602 1964 657 2029; x_wconf 85' lang='grc' dir='ltr'><em>τὸν</em></span> <span class='ocrx_word' id='word_1_121' title='bbox 681 1964 824 2051; x_wconf 87' lang='grc' dir='ltr'><em>δεύτερον</em></span> <span class='ocrx_word' id='word_1_122' title='bbox 846 1963 1010 2052; x_wconf 72' lang='grc' dir='ltr'><em>πάλεμονή,</em></span> <span class='ocrx_word' id='word_1_123' title='bbox 1036 1964 1208 2050; x_wconf 68' lang='grc' dir='ltr'><em>έπρέσχίεοε</em></span> <span class='ocrx_word' id='word_1_124' title='bbox 1226 1965 1317 2053; x_wconf 76' lang='grc' dir='ltr'><em>[μετά</em></span> 
     </span>
     <span class='ocr_line' id='line_1_17' title="bbox 300 2070 1319 2160; baseline -0.002 -22"><span class='ocrx_word' id='word_1_125' title='bbox 300 2071 507 2160; x_wconf 78' lang='grc' dir='ltr'><em>Πολυεύκτου]</em></span> <span class='ocrx_word' id='word_1_126' title='bbox 532 2073 586 2137; x_wconf 81' lang='grc' dir='ltr'><em>καὶ</em></span> <span class='ocrx_word' id='word_1_127' title='bbox 612 2077 841 2159; x_wconf 82' lang='grc' dir='ltr'><em>Δημοσθένους</em></span> <span class='ocrx_word' id='word_1_128' title='bbox 870 2070 916 2148; x_wconf 81' lang='grc' dir='ltr'><em>ε’ίς</em></span> <span class='ocrx_word' id='word_1_129' title='bbox 943 2095 978 2136; x_wconf 88' lang='grc' dir='ltr'><em>τε</em></span> <span class='ocrx_word' id='word_1_130' title='bbox 1002 2070 1245 2159; x_wconf 81' lang='grc' dir='ltr'><em>Πελοπόννησον</em></span> <span class='ocrx_word' id='word_1_131' title='bbox 1268 2077 1319 2136; x_wconf 88' lang='grc' dir='ltr'><em>καί</em></span> 
     </span>
     <span class='ocr_line' id='line_1_18' title="bbox 297 2173 1319 2265; baseline 0 -23"><span class='ocrx_word' id='word_1_132' title='bbox 297 2205 386 2256; x_wconf 88' lang='grc' dir='ltr'><em>τινας</em></span> <span class='ocrx_word' id='word_1_133' title='bbox 416 2177 525 2264; x_wconf 76' lang='grc' dir='ltr'><em>ἑτέρας</em></span> <span class='ocrx_word' id='word_1_134' title='bbox 555 2176 675 2256; x_wconf 82' lang='grc' dir='ltr'><em>πόλεις.</em></span> <span class='ocrx_word' id='word_1_135' title='bbox 722 2179 878 2244; x_wconf 85' lang='grc' dir='ltr'><em>διετέλεσέ</em></span> <span class='ocrx_word' id='word_1_136' title='bbox 908 2202 944 2242; x_wconf 92' lang='grc' dir='ltr'><em>τε</em></span> <span class='ocrx_word' id='word_1_137' title='bbox 974 2176 1028 2242; x_wconf 87' lang='grc' dir='ltr'><em>τὸν</em></span> <span class='ocrx_word' id='word_1_138' title='bbox 1058 2173 1189 2243; x_wconf 74' lang='grc' dir='ltr'><em>ἅπαντα</em></span> <span class='ocrx_word' id='word_1_139' title='bbox 1210 2179 1319 2265; x_wconf 82' lang='grc' dir='ltr'><em>χρόνον</em></span> 
     </span>
     <span class='ocr_line' id='line_1_19' title="bbox 298 2276 1318 2371; baseline 0.001 -23"><span class='ocrx_word' id='word_1_140' title='bbox 298 2278 473 2366; x_wconf 85' lang='grc' dir='ltr'><em>εύδοκιμιῦν</em></span> <span class='ocrx_word' id='word_1_141' title='bbox 486 2282 584 2370; x_wconf 75' lang='grc' dir='ltr'><em>,παρὰ</em></span> <span class='ocrx_word' id='word_1_142' title='bbox 609 2295 678 2361; x_wconf 86' lang='grc' dir='ltr'><em>τοῖς</em></span> <span class='ocrx_word' id='word_1_143' title='bbox 697 2276 880 2371; x_wconf 73' lang='grc' dir='ltr'><em>Ἀθηναίοις</em></span> <span class='ocrx_word' id='word_1_144' title='bbox 902 2285 956 2348; x_wconf 78' lang='grc' dir='ltr'><em>καὶ</em></span> <span class='ocrx_word' id='word_1_145' title='bbox 978 2284 1100 2360; x_wconf 88' lang='grc' dir='ltr'><em>δίκαιος</em></span> <span class='ocrx_word' id='word_1_146' title='bbox 1123 2279 1206 2349; x_wconf 79' lang='grc' dir='ltr'><em>εἶναι</em></span> <span class='ocrx_word' id='word_1_147' title='bbox 1230 2311 1318 2367; x_wconf 89' lang='grc' dir='ltr'><em>νομι-</em></span> 
     </span>
     <span class='ocr_line' id='line_1_20' title="bbox 224 2385 1318 2478; baseline -0.004 -19"><span class='ocrx_word' id='word_1_148' title='bbox 224 2454 227 2459; x_wconf 89' lang='grc'><em>.</em></span> <span class='ocrx_word' id='word_1_149' title='bbox 298 2390 437 2473; x_wconf 69' lang='grc' dir='ltr'><em>ξάμενος,</em></span> <span class='ocrx_word' id='word_1_150' title='bbox 471 2385 554 2455; x_wconf 77' lang='grc' dir='ltr'><em>ὥστε</em></span> <span class='ocrx_word' id='word_1_151' title='bbox 586 2392 640 2454; x_wconf 81' lang='grc' dir='ltr'><em>καὶ</em></span> <span class='ocrx_word' id='word_1_152' title='bbox 672 2389 703 2455; x_wconf 88' lang='grc' dir='ltr'><em>έν</em></span> <span class='ocrx_word' id='word_1_153' title='bbox 726 2402 795 2467; x_wconf 84' lang='grc' dir='ltr'><em>τοῖς</em></span> <span class='ocrx_word' id='word_1_154' title='bbox 818 2391 1033 2478; x_wconf 88' lang='grc' dir='ltr'><em>δικαστηρίοις</em></span> <span class='ocrx_word' id='word_1_155' title='bbox 1059 2389 1097 2455; x_wconf 86' lang='grc' dir='ltr'><em>τὸ</em></span> <span class='ocrx_word' id='word_1_156' title='bbox 1126 2401 1230 2478; x_wconf 83' lang='grc' dir='ltr'><em>φήσαι</em></span> <span class='ocrx_word' id='word_1_157' title='bbox 1253 2401 1318 2457; x_wconf 82' lang='grc' dir='ltr'><em>Λυ-</em></span> 
     </span>
     <span class='ocr_line' id='line_1_21' title="bbox 298 2495 1318 2584; baseline -0.002 -22"><span class='ocrx_word' id='word_1_158' title='bbox 298 2507 429 2584; x_wconf 79' lang='grc' dir='ltr'><em>κοῦργον</em></span> <span class='ocrx_word' id='word_1_159' title='bbox 475 2495 574 2562; x_wconf 87' lang='grc' dir='ltr'><em>έδύκει</em></span> <span class='ocrx_word' id='word_1_160' title='bbox 617 2495 770 2584; x_wconf 67' lang='grc' dir='ltr'><em>βοήθημα</em></span> <span class='ocrx_word' id='word_1_161' title='bbox 816 2495 897 2562; x_wconf 85' lang='grc' dir='ltr'><em>είναι</em></span> <span class='ocrx_word' id='word_1_162' title='bbox 942 2507 987 2584; x_wconf 85' lang='grc' dir='ltr'><em>τῳ</em></span> <span class='ocrx_word' id='word_1_163' title='bbox 1033 2503 1318 2584; x_wconf 80' lang='grc' dir='ltr'><em>συναγορευομένῳ.</em></span> 
     </span>
     <span class='ocr_line' id='line_1_22' title="bbox 228 2602 1319 2692; baseline -0.004 -20"><span class='ocrx_word' id='word_1_164' title='bbox 228 2612 271 2672; x_wconf 82' lang='lat'><em>40</em></span> <span class='ocrx_word' id='word_1_165' title='bbox 300 2604 461 2690; x_wconf 78' lang='grc' dir='ltr'><em>εἰσήνεγκε</em></span> <span class='ocrx_word' id='word_1_166' title='bbox 491 2604 524 2669; x_wconf 77' lang='grc' dir='ltr'><em>δὲ</em></span> <span class='ocrx_word' id='word_1_167' title='bbox 559 2604 612 2668; x_wconf 87' lang='grc' dir='ltr'><em>καὶ</em></span> <span class='ocrx_word' id='word_1_168' title='bbox 647 2602 771 2685; x_wconf 88' lang='grc' dir='ltr'><em>νόμους,</em></span> <span class='ocrx_word' id='word_1_169' title='bbox 811 2602 878 2692; x_wconf 69' lang='grc' dir='ltr'><em>[τὸν</em></span> <span class='ocrx_word' id='word_1_170' title='bbox 905 2603 963 2686; x_wconf 80' lang='grc' dir='ltr'><em>μέν</em></span> <span class='ocrx_word' id='word_1_171' title='bbox 998 2604 1074 2690; x_wconf 84' lang='grc' dir='ltr'><em>περὶ</em></span> <span class='ocrx_word' id='word_1_172' title='bbox 1108 2613 1173 2668; x_wconf 84' lang='grc' dir='ltr'><em>τιῦν</em></span> <span class='ocrx_word' id='word_1_173' title='bbox 1205 2629 1319 2691; x_wconf 87' lang='grc' dir='ltr'><em>κιυμῳ-</em></span> 
     </span>
     <span class='ocr_line' id='line_1_23' title="bbox 298 2704 1320 2798; baseline -0.002 -23"><span class='ocrx_word' id='word_1_174' title='bbox 298 2713 369 2790; x_wconf 80' lang='grc' dir='ltr'><em>διυν,</em></span> <span class='ocrx_word' id='word_1_175' title='bbox 401 2704 510 2796; x_wconf 78' lang='grc' dir='ltr'><em>άγιύνα</em></span> <span class='ocrx_word' id='word_1_176' title='bbox 542 2721 609 2788; x_wconf 87' lang='grc' dir='ltr'><em>τοῖς</em></span> <span class='ocrx_word' id='word_1_177' title='bbox 641 2710 781 2798; x_wconf 79' lang='grc' dir='ltr'><em>Χύτροις</em></span> <span class='ocrx_word' id='word_1_178' title='bbox 812 2710 970 2776; x_wconf 77' lang='grc' dir='ltr'><em>ἐπιτελεῖν</em></span> <span class='ocrx_word' id='word_1_179' title='bbox 1001 2708 1179 2798; x_wconf 76' lang='grc' dir='ltr'><em>ἐφάμιλλον</em></span> <span class='ocrx_word' id='word_1_180' title='bbox 1215 2710 1247 2776; x_wconf 86' lang='grc' dir='ltr'><em>έν</em></span> <span class='ocrx_word' id='word_1_181' title='bbox 1276 2720 1320 2797; x_wconf 82' lang='grc' dir='ltr'><em>τῳ</em></span> 
     </span>
     <span class='ocr_line' id='line_1_24' title="bbox 302 2811 1317 2905; baseline -0.001 -23"><span class='ocrx_word' id='word_1_182' title='bbox 302 2817 431 2905; x_wconf 79' lang='grc' dir='ltr'><em>θεάτρῳ</em></span> <span class='ocrx_word' id='word_1_183' title='bbox 472 2820 526 2883; x_wconf 79' lang='grc' dir='ltr'><em>καὶ</em></span> <span class='ocrx_word' id='word_1_184' title='bbox 565 2817 619 2883; x_wconf 84' lang='grc' dir='ltr'><em>τὸν</em></span> <span class='ocrx_word' id='word_1_185' title='bbox 657 2817 825 2904; x_wconf 87' lang='grc' dir='ltr'><em>νικήσαντα</em></span> <span class='ocrx_word' id='word_1_186' title='bbox 865 2818 911 2894; x_wconf 85' lang='grc' dir='ltr'><em>εἰς</em></span> <span class='ocrx_word' id='word_1_187' title='bbox 949 2811 1029 2882; x_wconf 84' lang='grc' dir='ltr'><em>άστυ</em></span> <span class='ocrx_word' id='word_1_188' title='bbox 1071 2819 1317 2902; x_wconf 84' lang='grc' dir='ltr'><em>καταλέγεσθαι,</em></span> 
     </span>
     <span class='ocr_line' id='line_1_25' title="bbox 297 2917 1317 3014; baseline -0.003 -23"><span class='ocrx_word' id='word_1_189' title='bbox 297 2925 452 3014; x_wconf 86' lang='grc' dir='ltr'><em>πρότερον</em></span> <span class='ocrx_word' id='word_1_190' title='bbox 487 2919 542 2990; x_wconf 89' lang='grc' dir='ltr'><em>υύκ</em></span> <span class='ocrx_word' id='word_1_191' title='bbox 577 2925 655 3004; x_wconf 76' lang='grc' dir='ltr'><em>ἐξόν,</em></span> <span class='ocrx_word' id='word_1_192' title='bbox 690 2918 920 3008; x_wconf 71' lang='grc' dir='ltr'><em>άναλαμγίάνιυν</em></span> <span class='ocrx_word' id='word_1_193' title='bbox 951 2922 1005 2990; x_wconf 85' lang='grc' dir='ltr'><em>τὸν</em></span> <span class='ocrx_word' id='word_1_194' title='bbox 1036 2917 1145 3009; x_wconf 84' lang='grc' dir='ltr'><em>άγιῦνα</em></span> <span class='ocrx_word' id='word_1_195' title='bbox 1180 2922 1317 2990; x_wconf 75' lang='grc' dir='ltr'><em>ἐκλελοι-</em></span> 
     </span>
     <span class='ocr_line' id='line_1_26' title="bbox 298 3024 1322 3112; baseline -0.004 -14"><span class='ocrx_word' id='word_1_196' title='bbox 298 3032 398 3098; x_wconf 86' lang='grc' dir='ltr'><em>πότα·</em></span> <span class='ocrx_word' id='word_1_197' title='bbox 463 3032 516 3099; x_wconf 83' lang='grc' dir='ltr'><em>τὸν</em></span> <span class='ocrx_word' id='word_1_198' title='bbox 549 3033 596 3110; x_wconf 77' lang='grc' dir='ltr'><em>δὲ,</em></span> <span class='ocrx_word' id='word_1_199' title='bbox 637 3024 680 3108; x_wconf 80' lang='grc' dir='ltr'><em>ιύς</em></span> <span class='ocrx_word' id='word_1_200' title='bbox 718 3031 837 3112; x_wconf 72' lang='grc' dir='ltr'><em>χαλκοῖς</em></span> <span class='ocrx_word' id='word_1_201' title='bbox 876 3028 999 3107; x_wconf 89' lang='grc' dir='ltr'><em>είκύνας</em></span> <span class='ocrx_word' id='word_1_202' title='bbox 1047 3024 1221 3096; x_wconf 87' lang='grc' dir='ltr'><em>άναθεῑναι</em></span> <span class='ocrx_word' id='word_1_203' title='bbox 1260 3040 1322 3095; x_wconf 71' lang='grc' dir='ltr'><em>τείν</em></span> 
     </span>
     <span class='ocr_line' id='line_1_27' title="bbox 229 3130 1323 3228; baseline -0.005 -22"><span class='ocrx_word' id='word_1_204' title='bbox 229 3146 270 3206; x_wconf 85' lang='grc'><em>45</em></span> <span class='ocrx_word' id='word_1_205' title='bbox 301 3149 443 3228; x_wconf 82' lang='grc' dir='ltr'><em>ποιητιῡν</em></span> <span class='ocrx_word' id='word_1_206' title='bbox 482 3139 654 3222; x_wconf 85' lang='grc' dir='ltr'><em>Αἰσχύλου,</em></span> <span class='ocrx_word' id='word_1_207' title='bbox 695 3138 902 3224; x_wconf 77' lang='grc' dir='ltr'><em>Σοφοκλέους,</em></span> <span class='ocrx_word' id='word_1_208' title='bbox 946 3130 1121 3224; x_wconf 66' lang='grc' dir='ltr'><em>ίίύρινιίδυυ</em></span> <span class='ocrx_word' id='word_1_209' title='bbox 1132 3188 1141 3216; x_wconf 94' lang='grc'><em>,</em></span> <span class='ocrx_word' id='word_1_210' title='bbox 1178 3139 1232 3202; x_wconf 83' lang='grc' dir='ltr'><em>καὶ.</em></span> <span class='ocrx_word' id='word_1_211' title='bbox 1267 3137 1323 3215; x_wconf 81' lang='grc' dir='ltr'><em>τάς</em></span> 
     </span>
     <span class='ocr_line' id='line_1_28' title="bbox 299 3239 1321 3333; baseline -0.004 -23"><span class='ocrx_word' id='word_1_212' title='bbox 299 3248 477 3333; x_wconf 83' lang='grc' dir='ltr'><em>τραγῳδίας</em></span> <span class='ocrx_word' id='word_1_213' title='bbox 500 3239 606 3311; x_wconf 80' lang='grc' dir='ltr'><em>αύτίδν</em></span> <span class='ocrx_word' id='word_1_214' title='bbox 629 3243 662 3309; x_wconf 80' lang='grc' dir='ltr'><em>έν</em></span> <span class='ocrx_word' id='word_1_215' title='bbox 685 3252 781 3329; x_wconf 81' lang='grc' dir='ltr'><em>κοινῳ</em></span> <span class='ocrx_word' id='word_1_216' title='bbox 810 3249 1035 3330; x_wconf 72' lang='grc' dir='ltr'><em>γραψαμένους</em></span> <span class='ocrx_word' id='word_1_217' title='bbox 1065 3243 1239 3332; x_wconf 84' lang='grc' dir='ltr'><em>φυλάττειν</em></span> <span class='ocrx_word' id='word_1_218' title='bbox 1271 3245 1321 3309; x_wconf 75' lang='grc' dir='ltr'><em>καὶ</em></span> 
     </span>
     <span class='ocr_line' id='line_1_29' title="bbox 300 3346 1322 3439; baseline -0.004 -22"><span class='ocrx_word' id='word_1_219' title='bbox 300 3353 354 3419; x_wconf 80' lang='grc' dir='ltr'><em>τὸν</em></span> <span class='ocrx_word' id='word_1_220' title='bbox 377 3363 433 3439; x_wconf 74' lang='grc' dir='ltr'><em>τῆς</em></span> <span class='ocrx_word' id='word_1_221' title='bbox 456 3353 582 3429; x_wconf 86' lang='grc' dir='ltr'><em>πύλευις</em></span> <span class='ocrx_word' id='word_1_222' title='bbox 605 3355 792 3437; x_wconf 84' lang='grc' dir='ltr'><em>γραμματέα</em></span> <span class='ocrx_word' id='word_1_223' title='bbox 817 3351 1112 3437; x_wconf 79' lang='grc' dir='ltr'><em>παραναγινώσκειν</em></span> <span class='ocrx_word' id='word_1_224' title='bbox 1143 3363 1212 3427; x_wconf 78' lang='grc' dir='ltr'><em>τοῖς</em></span> <span class='ocrx_word' id='word_1_225' title='bbox 1244 3346 1322 3415; x_wconf 78' lang='grc' dir='ltr'><em>ύπυ-</em></span> 
     </span>
     <span class='ocr_line' id='line_1_30' title="bbox 302 3452 1322 3546; baseline -0.005 -21"><span class='ocrx_word' id='word_1_226' title='bbox 302 3466 507 3546; x_wconf 86' lang='grc' dir='ltr'><em>κρινομένοις·</em></span> <span class='ocrx_word' id='word_1_227' title='bbox 544 3452 600 3524; x_wconf 90' lang='grc' dir='ltr'><em>ούκ</em></span> <span class='ocrx_word' id='word_1_228' title='bbox 624 3458 739 3537; x_wconf 76' lang='grc' dir='ltr'><em>ἐξεῖναι</em></span> <span class='ocrx_word' id='word_1_229' title='bbox 764 3457 824 3545; x_wconf 79' lang='grc' dir='ltr'><em>γάρ</em></span> <span class='ocrx_word' id='word_1_230' title='bbox 848 3452 965 3534; x_wconf 84' lang='grc' dir='ltr'><em>αύτούς</em></span> <span class='ocrx_word' id='word_1_231' title='bbox 991 3453 1234 3543; x_wconf 70' lang='grc' dir='ltr'><em>ὑποκρίνεσθαι·</em></span> <span class='ocrx_word' id='word_1_232' title='bbox 1271 3458 1322 3521; x_wconf 82' lang='grc' dir='ltr'><em>καί</em></span> 
     </span>
     <span class='ocr_line' id='line_1_31' title="bbox 300 3558 1324 3655; baseline -0.006 -23"><span class='ocrx_word' id='word_1_233' title='bbox 300 3573 416 3654; x_wconf 83' lang='grc' dir='ltr'><em>τρίτον,</em></span> <span class='ocrx_word' id='word_1_234' title='bbox 448 3568 558 3655; x_wconf 87' lang='grc' dir='ltr'><em>μηδενὶ</em></span> <span class='ocrx_word' id='word_1_235' title='bbox 590 3565 706 3644; x_wconf 81' lang='grc' dir='ltr'><em>έξεῑναι</em></span> <span class='ocrx_word' id='word_1_236' title='bbox 734 3558 912 3652; x_wconf 72' lang='grc' dir='ltr'><em>Ϊίθηναίιυν</em></span> <span class='ocrx_word' id='word_1_237' title='bbox 946 3565 1022 3652; x_wconf 72' lang='grc' dir='ltr'><em>μηδὲ</em></span> <span class='ocrx_word' id='word_1_238' title='bbox 1056 3573 1121 3628; x_wconf 75' lang='grc' dir='ltr'><em>τῶν</em></span> <span class='ocrx_word' id='word_1_239' title='bbox 1153 3564 1324 3629; x_wconf 82' lang='grc' dir='ltr'><em>υίκούντυιν</em></span> 
     </span>
    </p>
   </div>
   <div class='ocr_carea' id='block_1_2' title="bbox 150 3771 1326 4298">
    <p class='ocr_par' dir='ltr' id='par_1_2' title="bbox 241 3771 991 3852">
     <span class='ocr_line' id='line_1_32' title="bbox 241 3771 991 3852; baseline -0.004 -17"><span class='ocrx_word' id='word_1_240' title='bbox 241 3780 261 3842; x_wconf 75' lang='lat'><em>¹)</em></span> <span class='ocrx_word' id='word_1_241' title='bbox 281 3780 396 3836; x_wconf 78' lang='lat' dir='ltr'>Photius</span> <span class='ocrx_word' id='word_1_242' title='bbox 415 3800 440 3851; x_wconf 80' lang='grc' dir='ltr'><em>μ.</em></span> <span class='ocrx_word' id='word_1_243' title='bbox 460 3784 512 3835; x_wconf 77' lang='grc'><em>497</em></span> <span class='ocrx_word' id='word_1_244' title='bbox 531 3799 547 3834; x_wconf 81' lang='grc' dir='ltr'><em>ε</em></span> <span class='ocrx_word' id='word_1_245' title='bbox 568 3783 601 3834; x_wconf 86' lang='grc'><em>16</em></span> <span class='ocrx_word' id='word_1_246' title='bbox 620 3779 698 3834; x_wconf 73' lang='lat' dir='ltr'><strong>addit</strong></span> <span class='ocrx_word' id='word_1_247' title='bbox 720 3778 769 3852; x_wconf 81' lang='grc' dir='ltr'><em>τήν</em></span> <span class='ocrx_word' id='word_1_248' title='bbox 788 3771 934 3850; x_wconf 80' lang='grc' dir='ltr'><em>άνεύρεσίν</em></span> <span class='ocrx_word' id='word_1_249' title='bbox 955 3799 991 3833; x_wconf 83' lang='grc' dir='ltr'><em>τε,</em></span> 
     </span>
    </p>

    <p class='ocr_par' dir='ltr' id='par_1_3' title="bbox 150 3863 1326 4031">
     <span class='ocr_line' id='line_1_33' title="bbox 237 3863 1326 3940; baseline -0.006 -16"><span class='ocrx_word' id='word_1_250' title='bbox 237 3872 259 3932; x_wconf 69' lang='lat'><em>²)</em></span> <span class='ocrx_word' id='word_1_251' title='bbox 279 3870 392 3925; x_wconf 73' lang='lat' dir='ltr'><strong>Photius</strong></span> <span class='ocrx_word' id='word_1_252' title='bbox 411 3888 437 3939; x_wconf 82' lang='lat' dir='ltr'><em>p.</em></span> <span class='ocrx_word' id='word_1_253' title='bbox 456 3872 508 3925; x_wconf 87' lang='grc'><em>497</em></span> <span class='ocrx_word' id='word_1_254' title='bbox 528 3888 544 3923; x_wconf 83' lang='lat' dir='ltr'>a</span> <span class='ocrx_word' id='word_1_255' title='bbox 566 3871 606 3923; x_wconf 85' lang='grc'><em>17,</em></span> <span class='ocrx_word' id='word_1_256' title='bbox 628 3870 660 3921; x_wconf 84' lang='grc'><em>18</em></span> <span class='ocrx_word' id='word_1_257' title='bbox 680 3869 758 3923; x_wconf 72' lang='lat' dir='ltr'><strong>addit</strong></span> <span class='ocrx_word' id='word_1_258' title='bbox 777 3871 824 3923; x_wconf 83' lang='grc' dir='ltr'><em>καὶ</em></span> <span class='ocrx_word' id='word_1_259' title='bbox 850 3863 934 3927; x_wconf 82' lang='grc' dir='ltr'><em>υύτιυς</em></span> <span class='ocrx_word' id='word_1_260' title='bbox 959 3863 1084 3939; x_wconf 77' lang='grc' dir='ltr'><em>ἐκάθηρε</em></span> <span class='ocrx_word' id='word_1_261' title='bbox 1104 3865 1153 3940; x_wconf 82' lang='grc' dir='ltr'><em>τήν</em></span> <span class='ocrx_word' id='word_1_262' title='bbox 1172 3863 1254 3923; x_wconf 79' lang='grc' dir='ltr'><em>πάλιν</em></span> <span class='ocrx_word' id='word_1_263' title='bbox 1275 3876 1326 3921; x_wconf 73' lang='grc' dir='ltr'><em>τιον</em></span> 
     </span>
     <span class='ocr_line' id='line_1_34' title="bbox 150 3953 320 4031; baseline 0.006 -19"><span class='ocrx_word' id='word_1_264' title='bbox 150 3953 320 4031; x_wconf 78' lang='grc' dir='ltr'><em>κακούργων.</em></span> 
     </span>
    </p>

    <p class='ocr_par' dir='ltr' id='par_1_4' title="bbox 150 4037 1326 4210">
     <span class='ocr_line' id='line_1_35' title="bbox 238 4037 1326 4118; baseline -0.004 -17"><span class='ocrx_word' id='word_1_265' title='bbox 238 4048 262 4118; x_wconf 76' lang='grc'><em>3)</em></span> <span class='ocrx_word' id='word_1_266' title='bbox 281 4047 394 4103; x_wconf 78' lang='lat' dir='ltr'><strong>Photius</strong></span> <span class='ocrx_word' id='word_1_267' title='bbox 413 4064 439 4116; x_wconf 81' lang='lat' dir='ltr'><em>p.</em></span> <span class='ocrx_word' id='word_1_268' title='bbox 458 4050 510 4102; x_wconf 84' lang='grc'><em>497</em></span> <span class='ocrx_word' id='word_1_269' title='bbox 530 4066 546 4102; x_wconf 81' lang='grc' dir='ltr'><em>ιι</em></span> <span class='ocrx_word' id='word_1_270' title='bbox 564 4049 607 4101; x_wconf 79' lang='grc'><em>21.</em></span> <span class='ocrx_word' id='word_1_271' title='bbox 628 4049 662 4100; x_wconf 76' lang='lat'><em>22</em></span> <span class='ocrx_word' id='word_1_272' title='bbox 681 4046 760 4101; x_wconf 73' lang='lat' dir='ltr'>addit</span> <span class='ocrx_word' id='word_1_273' title='bbox 780 4052 910 4102; x_wconf 80' lang='grc' dir='ltr'><em>τυσοῦτον</em></span> <span class='ocrx_word' id='word_1_274' title='bbox 930 4045 960 4102; x_wconf 85' lang='grc' dir='ltr'><em>δὲ</em></span> <span class='ocrx_word' id='word_1_275' title='bbox 978 4041 1070 4102; x_wconf 86' lang='grc' dir='ltr'><em>πόθον</em></span> <span class='ocrx_word' id='word_1_276' title='bbox 1089 4037 1175 4101; x_wconf 82' lang='grc' dir='ltr'><em>αύτοδ</em></span> <span class='ocrx_word' id='word_1_277' title='bbox 1194 4047 1241 4099; x_wconf 81' lang='grc' dir='ltr'><em>καὶ</em></span> <span class='ocrx_word' id='word_1_278' title='bbox 1260 4037 1326 4098; x_wconf 76' lang='grc' dir='ltr'><em>αίδτδ</em></span> 
     </span>
     <span class='ocr_line' id='line_1_36' title="bbox 150 4129 786 4210; baseline -0.003 -18"><span class='ocrx_word' id='word_1_279' title='bbox 150 4146 207 4199; x_wconf 81' lang='grc' dir='ltr'><em>τοῖς</em></span> <span class='ocrx_word' id='word_1_280' title='bbox 224 4129 379 4210; x_wconf 71' lang='grc' dir='ltr'><em>Ἀθηναίοις</em></span> <span class='ocrx_word' id='word_1_281' title='bbox 399 4135 544 4209; x_wconf 80' lang='grc' dir='ltr'><em>ἐνεποίησε</em></span> <span class='ocrx_word' id='word_1_282' title='bbox 563 4131 786 4207; x_wconf 81' lang='grc' dir='ltr'><em>πολιτευόμενος.</em></span> 
     </span>
    </p>

    <p class='ocr_par' dir='ltr' id='par_1_5' title="bbox 237 4219 1141 4298">
     <span class='ocr_line' id='line_1_37' title="bbox 237 4219 1141 4298; baseline -0.002 -17"><span class='ocrx_word' id='word_1_283' title='bbox 237 4226 260 4293; x_wconf 80' lang='grc'><em>4)</em></span> <span class='ocrx_word' id='word_1_284' title='bbox 278 4225 393 4283; x_wconf 80' lang='lat' dir='ltr'><strong>Photius</strong></span> <span class='ocrx_word' id='word_1_285' title='bbox 412 4243 439 4298; x_wconf 71' lang='grc' dir='ltr'><em>ρ.</em></span> <span class='ocrx_word' id='word_1_286' title='bbox 457 4229 510 4282; x_wconf 85' lang='grc'><em>497</em></span> <span class='ocrx_word' id='word_1_287' title='bbox 529 4243 545 4281; x_wconf 82' lang='lat' dir='ltr'><strong>a</strong></span> <span class='ocrx_word' id='word_1_288' title='bbox 563 4228 606 4281; x_wconf 80' lang='lat'><em>23.</em></span> <span class='ocrx_word' id='word_1_289' title='bbox 625 4226 661 4279; x_wconf 74' lang='lat'><em>24</em></span> <span class='ocrx_word' id='word_1_290' title='bbox 679 4224 758 4280; x_wconf 77' lang='lat' dir='ltr'>addit</span> <span class='ocrx_word' id='word_1_291' title='bbox 776 4219 869 4298; x_wconf 74' lang='grc' dir='ltr'><em>ὥσπερ</em></span> <span class='ocrx_word' id='word_1_292' title='bbox 890 4225 937 4280; x_wconf 81' lang='grc' dir='ltr'><em>καὶ</em></span> <span class='ocrx_word' id='word_1_293' title='bbox 955 4219 1018 4288; x_wconf 82' lang='grc' dir='ltr'><em>τούς</em></span> <span class='ocrx_word' id='word_1_294' title='bbox 1037 4221 1141 4286; x_wconf 75' lang='grc' dir='ltr'><em>ἄλλους.</em></span> 
     </span>
    </p>
   </div>
   <div class='ocr_carea' id='block_1_3' title="bbox 0 0 1493 4746">
    <p class='ocr_par' dir='ltr' id='par_1_6' title="bbox 0 0 1493 4746">
     <span class='ocr_line' id='line_1_38' title="bbox 0 0 1493 4746; baseline 0 0"><span class='ocrx_word' id='word_1_295' title='bbox 0 0 1493 4746; x_wconf 95' lang='lat' dir='ltr'><em> </em></span> 
     </span>
    </p>
   </div>
  </div>
 </body>
</html>
