2970 4746
664 263 703 322 75

154 478 216 540 245
300 459 543 558 Ψηφίσματα.
562 508 601 518 -—
626 467 666 533 α’.
694 466 897 556 [Δημοχάρης
912 468 1061 556 Λάχητος
1076 469 1269 546 Λευκονοεύς

245 579 329 642 αίτεῐ
355 581 557 663 Δημοσθένει
580 585 626 661 τῳ
652 580 882 661 Δημοσθένους
904 586 1053 639 Παιανιεῖ
1076 575 1197 662 δωρεάν
1220 575 1268 640 εί-

245 683 320 748 κόνα
350 684 466 770 χαλκην
499 682 530 746 ἐν
561 677 664 768 άγορηῖ
695 682 747 745 καί
781 686 906 766 σίτησιν
943 680 975 746 ἐν
1005 688 1185 769 πρυτανείῳ
1216 684 1269 746 καί

245 790 416 875 προεδρίαν
439 783 525 875 αὕτη)
550 790 603 852 καί
628 786 765 872 ἐγγόνων
792 781 844 851 άεί
868 797 913 873 τῳ
937 773 1158 875 πρεσβυτάτῳ,
1183 782 1270 875 εύερ-

246 902 320 984 γένη
344 897 395 960 καί
421 895 588 980 συμβούλῳ
613 894 757 979 γεγονότι
781 895 908 959 πολλῶν
931 896 984 958 καί
1001 895 1104 959 καλων
1120 904 1166 981 τῳ
1182 894 1270 983 δήμῳ

249 1014 310 1068 των
329 997 517 1090 Ἀθηναίων,
543 1004 595 1065 καὶ
619 1001 676 1087 την
700 995 728 1064 τ’
754 994 864 1065 ούσίαν
893 1001 939 1078 εἰς
966 1000 1003 1066 τό
1027 1001 1132 1067 κοινόν
1154 1008 1271 1068 καθει-

153 1120 216 1178 250
246 1110 314 1174 κότι
340 1109 394 1196 την
418 1109 541 1185 ἑαυτου,
567 1109 618 1172 καί
645 1107 788 1173 ἐπιδόντι
812 1106 953 1171 τάλαντα
977 1108 1005 1194 η’
1023 1109 1073 1172 καί
1092 1107 1202 1196 τριήρη
1219 1104 1272 1174 ότε

247 1213 263 1276 ίι
287 1217 383 1303 δῆμος
410 1210 627 1302 ἠλευθέρωσεν
651 1208 799 1298 Εύβοιαν,
824 1215 878 1278 καί
895 1215 1003 1298 ἑτέραν
1027 1210 1080 1280 ότε
1104 1215 1150 1291 είς
1164 1210 1272 1300 (Ελλή-

247 1346 386 1389 σποντον
413 1321 641 1409 Κηφισόδωρος
665 1321 844 1399 ἐξέπλευσε,
869 1322 923 1385 καί
947 1320 1055 1407 ἑτέραν
1085 1317 1137 1386 ’ότε
1162 1321 1273 1408 Χάρης

248 1433 301 1494 καί
319 1434 453 1494 Φωκίων
477 1429 649 1515 στρατηγοί.
674 1428 927 1515 ἐξεπέμφθησαν
950 1428 996 1504 είς
1013 1427 1184 1507 Βυζάντιον
1207 1422 1272 1493 ύπδ

248 1548 305 1603 τοῦ
336 1538 445 1623 δήμου,
477 1538 530 1600 καί
559 1537 790 1621 λυτρωσαμένῳ
820 1534 956 1612 πολλοὺς
984 1544 1048 1599 τιῦν
1076 1529 1218 1601 άλόντων
1242 1535 1274 1600 ἐν

154 1654 216 1712 255
249 1645 350 1730 ίίύδνη
384 1646 435 1708 καί
472 1643 614 1729 Μεθώνη
645 1644 699 1707 καί,
731 1636 871 1728 λζίλύνθῳ
906 1635 972 1706 ’ύπὸ
1004 1643 1185 1720 Φιλίππου,
1220 1643 1275 1706 καί

248 1758 398 1840 χορηγίαν
417 1746 569 1834 άνδράσιν
586 1750 725 1816 ἐπιδόντι
745 1746 798 1814 ότε
815 1749 1009 1815 ἐκλιπόντων
1025 1759 1089 1813 των
1107 1749 1273 1814 Πανδιονι-

250 1861 311 1923 δων
335 1870 390 1924 τοι)
414 1870 560 1945 χορηγεῖν
585 1856 722 1922 ἐπέδωκε
746 1858 800 1921 καί,
823 1854 1018 1921 καθιύπλισε
1041 1855 1116 1932 τοὺς
1139 1857 1274 1931 πολίτας

252 1977 312 2030 των
337 1965 557 2043 ἐλλειπόντων,
582 1965 635 2028 καί.
652 1964 698 2040 εἰς
714 1963 769 2049 τὴν
792 1968 991 2045 τειχοποιίαν
1007 1957 1154 2028 άνάλιοσε
1168 1986 1274 2048 χειρο-

248 2073 400 2159 τονηθείς
431 2066 496 2137 ὑπὸ
527 2079 583 2138 τοῦ
612 2071 710 2156 δήμου
741 2070 905 2146 ἐπιδόντος
936 2063 1032 2136 αύτοῦ
1063 2069 1092 2154 γ’
1123 2068 1272 2145 τάλαντα,

156 2190 218 2246 260
249 2181 302 2244 καί,
326 2178 365 2255 άς
389 2178 529 2244 ἐπέδωκε·
544 2178 573 2262 β’
590 2178 733 2266 τάφρους
749 2179 825 2264 περὶ
841 2175 895 2241 τόν
920 2186 1056 2264 Πειραιᾶ
1079 2173 1273 2263 ταφρεύσας,

247 2287 300 2350 καί.
329 2285 410 2367 μετὰ
440 2284 495 2370 την
527 2285 559 2349 ἐν
589 2289 773 2371 Χαιρωνείᾳ
803 2283 906 2370 μάχην
939 2282 1079 2349 ἐπέδωκε
1108 2281 1271 2358 τάλαντον,

249 2394 301 2455 καί
328 2393 373 2468 είς
397 2392 452 2477 την
476 2398 628 2457 σιτωνίαν
653 2391 810 2456 ἐπέδωκεν
834 2390 866 2455 ἐν
882 2400 920 2476 τη
944 2390 1085 2476 σιτοδείην
1110 2388 1271 2465 τάλαντον,

249 2500 302 2561 καί
332 2494 384 2563 ότε
415 2498 461 2575 είς
491 2504 671 2581 συμμαχίαν
702 2507 747 2584 τῳ
779 2498 867 2583 δόμῳ
897 2497 1116 2583 προσηγάγετο
1146 2499 1272 2572 πείσεις,

248 2606 301 2667 καί
325 2598 489 2692 εύεργέτης
517 2604 682 2689 γενόμενος
714 2606 767 2668 καί
799 2603 973 2687 σύμβουλος
1004 2597 1043 2667 δι’
1077 2592 1120 2669 ὧν
1149 2599 1268 2677 ἔπεισε,

253 2718 414 2799 (νηβαίυος,
444 2705 582 2794 Κύβυεῐς,
612 2717 809 2798 Κορινθίους,
842 2721 1008 2796 Μεγαρεῖς,
1030 2703 1180 2791 Ῐίχαιούς,
1208 2719 1272 2775 ι1ο-

153 2827 215 2885 265
246 2819 346 2905 κρυύς,
365 2818 564 2898 Βυζαντίους,
591 2824 797 2905 Μεσσηνίοις,
822 2819 875 2881 καί,
896 2816 1044 2898 δυνάμειςΙ
1060 2814 1099 2892 ἃς
1122 2814 1273 2901 συνεστή-

249 2947 327 2990 σατό
351 2934 397 3010 τῳ
421 2925 509 3012 δημῳ
531 2926 669 3002 καὶτοῖς
692 2926 871 3008 συμμάχοις
894 2923 1008 3004 πεζούς
1028 2923 1086 3005 μὲν
1103 2949 1135 3010 γ,
1153 2923 1275 2998 ίιτπέας

249 3031 282 3095 δέ·
307 3058 347 3118 Ια,
373 3033 427 3095 καί
451 3032 597 3109 σύνταξιν
619 3031 789 3119 χρημάτων
812 3031 849 3119 ἣν
869 3029 980 3096 ἐπεισε
1003 3029 1203 3117 πρεσβεύσας
1226 3029 1273 3094 δι-

249 3137 337 3203 δόναι
369 3137 442 3216 τούς
472 3138 530 3221 μὲν
561 3139 745 3223 συμμάχους
775 3140 821 3216 είς
851 3137 905 3204 τὸν
935 3138 1075 3221 πόλεμον
1102 3138 1205 3203 τελείου
1238 3135 1273 3223 φ’

249 3246 424 3325 ταλάντων,
455 3247 506 3310 καί
542 3239 585 3322 τός
616 3245 754 3312 ἐκώλυσε
786 3247 1055 3333 Πελοποννησίους
1084 3242 1139 3310 ἐπὶ
1174 3243 1217 3330 θη
1237 3270 1275 3320 ας

155 3363 217 3421 271)
244 3349 431 3440 Ῑίλεξάνδριῳι
455 3360 619 3441 βοηθῆσαι
636 3355 781 3441 χρήματα
797 3353 868 3430 δούς
883 3354 937 3417 καί
954 3346 1049 3429 αύτός
1065 3350 1273 3438 πρεσβεύσας,

250 3462 300 3523 καί
326 3454 430 3526 τίλλων
455 3461 581 3526 πολλῶν
604 3463 656 3525 καί
683 3462 786 3526 καίων
810 3469 855 3547 τη)
880 3460 968 3547 δήμῳ
993 3457 1159 3544 συμβούλῳ
1183 3481 1273 3542 γεγυ-

251 3568 316 3632 νότι
341 3569 392 3631 καί
411 3569 673 3654 πεπολιτευμένῳ
690 3578 754 3633 των
770 3562 849 3632 καθ’
867 3566 977 3631 ἑαυτὸν
993 3565 1074 3652 πρὸς
1090 3563 1275 3650 ἐλευθερίαν

249 3676 302 3739 καὶ
326 3675 539 3762 δημοκρατίαν
562 3669 688 3758 άριστα,
716 3674 850 3761 φυγόντι
867 3675 900 3739 δὲ
915 3667 956 3738 δι’
972 3666 1155 3758 ὀλιγαρχίαν
1176 3696 1274 3736 κατα-

249 3782 402 3858 λυθέντος
425 3791 482 3848 τοῦ
505 3782 602 3864 δίμοο
627 3783 677 3846 καί
704 3780 925 3869 ’τελευτήσαντι
950 3773 1038 3866 αύτηῖ
1063 3779 1095 3845 ἐν
1112 3781 1276 3865 Καλαυρίᾳ

156 3895 217 3952 275
249 3887 300 3949 διά
325 3887 380 3976 τίγν
405 3887 486 3974 πρὸς
509 3887 563 3951 τόν
587 3887 683 3974 δῆμον
708 3881 839 3964 εύνοιαν,
870 3891 1092 3974 πεμφθέντων
1116 3907 1274 3972 στρατιω-

250 4004 313 4057 των
338 3988 389 4059 ἐπ’
415 3989 510 4058 αίτόν
536 3990 598 4060 ύιιό
619 3988 834 4081 Ἀντιπάτρου,
860 3994 1056 4076 διαμείναντι
1082 3992 1113 4057 ἐν
1134 4002 1172 4078 τη
1196 3990 1276 4076 πρὸς

251 4099 286 4163 τό
319 4101 446 4184 πλῆθος
478 4094 585 4188 εύνοίῳ
619 4102 674 4165 καὶ
706 4101 878 4186 οἰκειότητι
912 4101 967 4163 καί
998 4093 1071 4167 ούτε
1102 4093 1274 4183 ύπυχειρίῳ

251 4218 319 4284 τοῖς
346 4206 475 4294 ἐχθροῖς
501 4202 574 4274 αύτε
597 4201 726 4284 άνάξιον
751 4205 782 4272 ίν
805 4215 851 4292 τῳ
878 4205 1011 4291 κινδύνῳ
1039 4203 1198 4291 πράξαντι
1220 4211 1275 4268 τοῦ

251 4312 358 4400 δήμου.
