2970 4746
206 1469 208 1471 ’
248 1447 293 1544 llc
316 1446 491 1543 Plutarchi
514 1475 600 1566 urnac
624 1447 782 1544 lcruutur
803 1447 886 1544 uitis
909 1448 1021 1545 lcccn
1046 1448 1232 1545 oraturum

655 1702 770 1791 tlaput
797 1704 825 1772 l.

485 1841 536 1906 llo
560 1840 817 1922 compositione
840 1841 1002 1906 ulturum.

244 1965 280 2027 lu
298 1966 406 2028 ‹lecem
424 1970 586 2028 oratorum
604 1962 681 2029 vitis
699 1962 906 2043 explorandis
923 1970 958 2028 et
973 1964 1165 2029 enarrandis
1182 1964 1328 2044 quamvis

154 2069 292 2135 sciaunus
318 2070 404 2134 viros
428 2069 514 2134 iuter
537 2068 744 2150 antiquitatis
769 2069 948 2150 philologos
969 2089 1032 2134 non
1048 2068 1219 2152 ignobiles
1245 2072 1324 2135 Cae·
1396 2069 1398 2073 ’

154 2174 261 2239 cilium
278 2175 479 2240 Calactinum
504 2181 538 2239 et
554 2175 726 2256 Didymon
747 2176 1004 2258 chalcenterum,
1029 2175 1193 2258 egregiam
1218 2195 1327 2241 curam

155 2281 310 2363 posuisse,
335 2287 443 2346 tamen
460 2301 500 2346 ex
517 2300 626 2346 eorum
650 2281 767 2347 studiis
784 2281 910 2346 misella
928 2287 1052 2347 tautum
1069 2281 1209 2347 frustula
1226 2301 1326 2362 eaque

154 2387 317 2459 interioris
342 2388 414 2452 aevi
439 2387 670 2452 additamentis
694 2387 866 2452 unanimam
891 2393 1017 2468 partem
1041 2387 1262 2452 contaminata
1286 2388 1327 2452 ad

156 2512 213 2557 uos
232 2500 461 2573 pervehendum
486 2493 572 2558 iuter
596 2513 677 2574 curiae
700 2500 735 2558 ct
758 2494 881 2560 cuncubitu
905 2499 939 2558 et
954 2493 1077 2559 virtute
1099 2495 1262 2559 excellunt
1279 2513 1327 2575 aa,

155 2619 235 2679 quirce
265 2605 398 2664 exstant
431 2599 464 2664 in
499 2600 609 2665 libello
639 2600 780 2665 vitarum
815 2602 922 2665 decem
959 2606 1122 2665 oratorum
1158 2618 1325 2680 perperam

154 2706 328 2770 Plutarcho
360 2705 530 2787 inscripto3
562 2706 747 2786 ‹ruribuscum
777 2707 920 2787 reliquae
945 2707 1047 2788 vitae,
1072 2706 1219 2787 inprimis
1243 2725 1326 2786 quae

155 2811 186 2875 in
212 2811 321 2876 Photii
345 2812 541 2878 bibliotheca
566 2818 756 2893 servantur,
787 2819 958 2894 tantopere
982 2815 1173 2892 colluerant,
1198 2820 1232 2877 ut
1258 2832 1327 2893 per-

154 2937 257 2998 pauca
281 2937 365 2982 nora
388 2918 573 2984 exhibeant.

243 3025 295 3088 Ex
308 3024 349 3089 iis
362 3024 441 3089 viris
458 3025 572 3107 doctis,
589 3025 642 3106 qui
658 3026 691 3090 in
705 3026 755 3091 his
769 3025 848 3092 vitis
861 3026 1065 3092 illustrandis
1078 3028 1328 3105 desudaverunt,

155 3129 274 3210 primus
291 3132 452 3196 Arnoldus
470 3131 541 3196 Sch
553 3132 666 3196 aeter
682 3132 713 3196 iu
732 3133 999 3198 cornmeurtatione
1017 3134 1055 3197 de
1080 3132 1162 3197 libro
1187 3133 1327 3198 vitarum

154 3238 262 3301 «lecum
288 3243 450 3301 oratorum
476 3237 638 3321 (Drasdae
670 3238 765 3322 2844)
789 3259 819 3320 p.
846 3243 886 3303 37
912 3257 960 3319 sq.
986 3240 1114 3304 adeam
1132 3237 1328 3304 sententiam

154 3345 312 3424 urer'uenit.
338 3345 425 3410 vitas
449 3347 558 3410 ‹lecem
582 3351 744 3411 oratorum
767 3366 829 3410 non
853 3346 952 3411 multo
976 3352 1049 3428 post
1073 3344 1211 3427 Dionysi
1234 3345 1326 3410 Hali·

154 3450 379 3517 carnassensis
403 3457 545 3517 aetatem
570 3452 612 3517 ab
636 3452 742 3533 aliquo
759 3451 971 3534 grammatico
987 3471 1059 3517 csse
1076 3450 1278 3532 courscriptas
1295 3450 1327 3515 in

154 3577 242 3623 usum
261 3578 377 3640 eorum,
403 3558 453 3638 apd
473 3560 512 3623 ad
531 3559 699 3623 lectionem
718 3564 880 3624 oratorum
899 3540 1326 3646 antiquorumaccederent:

153 3671 227 3744 purast
250 3684 319 3729 cum
344 3664 377 3729 in
403 3665 521 3729 scholis
538 3664 703 3730 rhetorum
726 3665 870 3730 lectitari
895 3685 957 3730 uon
981 3664 1178 3747 desinerent,
1203 3684 1222 3728 a
1244 3683 1326 3728 ccm-

156 3770 300 3849 pluribus
343 3771 525 3836 lrumiuibus
565 3771 670 3837 doctis
711 3771 911 3853 indoctisque
951 3771 1148 3853 temporibus
1188 3771 1327 3835 diversis

155 3876 369 3958 iurt-crpulatas
412 3897 484 3943 esse
526 3883 622 3960 atquc
658 3879 889 3960 amplificatam
934 3898 1047 3943 nornen
1083 3883 1189 3942 alutem
1226 3896 1327 3958 nemra

154 4003 243 4047 scarum
271 4003 371 4064 rreuuc
400 3983 565 4050 l'lutarchi
588 4004 775 4065 quremquam
799 4005 839 4050 ex
865 3985 913 4050 his
939 3985 968 4050 ei
997 3986 1080 4050 libro
1109 3983 1326 4064 inscripsisse,

153 4091 209 4154 scd
234 4090 319 4154 iuter
344 4090 466 4172 scripta
490 4092 687 4156 l'lrularclrea
710 4092 764 4158 vel
794 4092 878 4156 l'orte
902 4091 1011 4173 aliqua
1039 4093 1089 4157 rol
1120 4090 1325 4156 librariorum

153 4215 262 4262 errore
291 4195 419 4262 illatum
444 4202 530 4263 esse.
585 4198 655 4262 Hoc
681 4197 782 4282 igitur
811 4198 904 4263 nobis
940 4199 1098 4282 agendum
1128 4202 1194 4279 est,
1227 4197 1254 4260 si
1287 4198 1326 4261 dc
