2970 4746
660 1177 749 1267 ita.

189 1462 276 1521 Natus
302 1484 361 1522 sum
381 1467 516 1520 Antonius
535 1465 689 1519 Fridericus
706 1466 805 1520 Praese
824 1481 895 1519 anni)
909 1465 1103 1520 Mur'tconxx
1118 1467 1180 1521 Kal.
1193 1465 1276 1522 Mart.

100 1563 177 1626 patre
205 1557 341 1612 Guilelmo
369 1563 456 1610 matre
484 1556 632 1610 Henrietta
661 1571 675 1608 e
703 1561 789 1625 geute
816 1556 963 1622 Borchers,
992 1571 1073 1623 quam
1101 1555 1276 1626 superstitem

48 1670 51 1674 ⁴
100 1650 178 1714 patre
208 1651 314 1700 mortuo
345 1660 510 1713 magnopere
541 1644 647 1713 gaudeo
679 1644 827 1711 debitaque
858 1660 1004 1712 prosequor
1034 1645 1148 1713 pietate.
1195 1647 1275 1712 Gym-

100 1735 206 1789 nasium
225 1734 280 1788 adii
299 1730 446 1800 Leerense,
460 1734 531 1801 qrrod
551 1735 599 1788 sub
618 1733 693 1788 felici
713 1738 780 1787 tune
798 1733 932 1800 regimine
951 1734 1040 1788 Adolfi
1060 1734 1176 1803 Quappii
1199 1750 1275 1802 prae-

100 1823 217 1892 ceptoris
250 1825 357 1892 egregii
394 1823 520 1888 florebat,
553 1823 628 1876 cuius
660 1822 712 1875 viri
744 1822 914 1876 dilectissimi
947 1824 980 1876 de
1011 1840 1053 1876 me
1083 1824 1182 1878 merita
1213 1840 1276 1892 gra·

100 1913 203 1967 tissime
229 1913 313 1966 colam
339 1913 438 1967 animo.
475 1912 568 1978 Neque
593 1911 738 1965 obliviscar
763 1911 863 1978 Yt'ohtii,
888 1911 1003 1978 Meliini,
1022 1913 1203 1978 Wittnebeni,
1229 1914 1274 1980 qni

99 2002 151 2056 viri
170 2002 358 2056 humanissimi
377 2018 480 2055 summa
499 2002 566 2071 erga
585 2017 627 2054 me
642 2001 683 2054 usi
697 2007 762 2054 sunt
775 2001 903 2054 crrrnitate
917 2001 1054 2068 etiamque
1066 2018 1138 2056 nunc
1151 2007 1275 2057 utuntur.

99 2089 172 2144 Vere
196 2089 261 2144 anni
279 2089 556 2144 MDOCOLXXXVII
581 2089 751 2144 maturitatis
771 2089 959 2144 testimonium
977 2090 1094 2166 adeptus
1113 2091 1276 2159 Gottingam

100 2194 141 2232 me
163 2178 275 2244 contuli,
296 2178 341 2232 ubi
361 2195 408 2246 per
427 2178 468 2232 bis
487 2194 535 2232 sex
554 2194 658 2232 menses
677 2178 775 2232 studiis
795 2194 903 2247 operam
923 2179 985 2233 dedi
1003 2179 1189 2248 philologicis3
1213 2180 1276 2234 dein

99 2267 220 2321 Bonnam
245 2267 371 2335 migravi,
397 2272 455 2320 turn
475 2267 641 2333 BeroIinum,
668 2269 738 2321 unde
764 2284 827 2322 vere
851 2267 915 2322 anni
936 2267 1197 2322 MDCOGLXXXIX
1216 2285 1275 2336 pro-

99 2356 188 2409 fectus
199 2373 258 2410 sum
264 2357 444 2423 Marpurgum
452 2354 601 2423 Uettonum,
613 2373 666 2424 qua
677 2358 704 2410 in
716 2357 896 2411 universitate
908 2357 1036 2424 usquead
1049 2357 1121 2411 lunio
1134 2357 1206 2412 dictu
1216 2374 1274 2412 ver-

98 2444 192 2515 sabar;
206 2445 249 2498 hio
261 2446 411 2499 cicrcuerunt
421 2461 463 2499 me
474 2445 527 2500 vini
539 2445 679 2500 clarissimi
692 2447 857 2515 Bergnrann,
868 2445 938 2513 Birt,
949 2447 1047 2512 (ichen,
1058 2445 1150 2513 Mirbt,
1161 2438 1273 2515 Nat'orp,

98 2533 187 2600 Niese,
213 2534 342 2600 Schmidt,
370 2534 513 2589 Wissowa.
550 2536 583 2589 In
607 2536 781 2590 seminarium
806 2535 1001 2606 philologicum
1020 2535 1124 2604 insigni
1144 2536 1274 2603 Leopoldi
1329 2576 1332 2580 Δ

98 2622 239 2676 Schmidtii
258 2627 286 2676 et
299 2623 433 2678 Theodori
450 2624 532 2678 Birtii
552 2624 742 2679 benevolentia
761 2641 820 2679 sum
838 2628 964 2692 receptus
984 2624 1095 2691 eiusque
1115 2623 1155 2678 fui
1174 2624 1274 2678 sodalis

77 2716 125 2786 vet
150 2711 383 2766 extraordinarius
408 2720 436 2767 et
460 2714 614 2767 ordinarius
632 2729 680 2781 per
700 2720 743 2767 ten
761 2730 808 2768 sex
833 2728 953 2782 menaea,
978 2713 1109 2767 historico
1128 2713 1273 2767 seminario

98 2806 129 2852 ut
148 2799 307 2854 interessem
332 2802 450 2870 benigne
470 2801 607 2856 concessit
627 2801 789 2856 Benedictus
809 2802 899 2857 Niesc.
937 2801 1038 2867 Quibus
1064 2801 1131 2856 viris
1151 2803 1273 2856 omnibus

98 2888 203 2955 gratias
229 2904 281 2955 ago
301 2906 458 2957 semperque
484 2891 587 2945 habebo
607 2907 686 2957 cruam
704 2907 853 2957 maxumas,
878 2891 1023 2958 praecipue
1042 2897 1133 2944 atatem
1154 2891 1273 2958 (taorgio

96 2976 238 3042 Wissowa,
252 2977 296 3042 qui
307 2982 416 3043 praeter·
429 2986 534 3033 ceteros
548 2980 640 3034 surrtsir
659 2980 811 3034 studiorum
823 2995 942 3033 nieorum
955 2979 1117 3046 arliutoruue
1135 2980 1270 3033 extiterit.
