2970 4746
780 246 822 307 42

214 453 431 536 Hypericlis
455 473 484 518 1.
512 459 641 518 25-28
666 455 706 518 61.
732 474 758 518 6.
784 455 862 536 Lyc.
890 456 961 520 arlv.
988 456 1100 522 Leoor.
1127 464 1168 522 36
1194 477 1241 540 sq.

463 611 474 638 ‚‚
514 564 553 624 41
581 579 666 641 sqq:
684 554 871 642 ’Έρμικκυος
895 559 927 624 δέ
952 582 1041 647 φησι.

463 719 475 746 „
516 672 571 732 52:
597 661 640 741 lh·
666 687 745 753 φησι
772 665 944 752 Διόδωρος.

214 772 405 840 Dinarchi
429 793 458 839 1.
487 779 520 837 11
551 794 597 854 sq.
624 772 652 839 si
683 779 735 838 est
758 774 1024 858 additamentum,
1057 797 1074 840 e
1097 777 1391 858 Psemloplntarchi

552 879 681 963 ingenio
706 882 879 948 emanavit.

303 1007 422 1072 Restat
454 1011 489 1072 ut
519 1007 600 1072 undo
634 1005 820 1072 auotaria
856 1014 983 1088 sumpta
1015 1008 1082 1074 sint
1113 1009 1304 1092 diligentius
1335 1031 1389 1074 cx·

215 1113 388 1198 quiramus,
424 1114 472 1178 Ac
496 1101 633 1196 primum
655 1113 838 1195 quidemex
855 1114 1012 1180 auctariis
1029 1114 1209 1198 perlegisse
1226 1122 1389 1181 auctorem

214 1224 361 1286 oratores
385 1220 535 1286 efficitur.

214 1344 415 1426 Antiphon
440 1365 468 1409 1.
496 1352 536 1409 66
554 1363 623 1427 sqq.
643 1344 718 1408 mihi
737 1364 776 1408 ex
794 1349 923 1410 oratore
940 1346 1010 1427 ipso
1027 1345 1179 1412 videntur
1196 1345 1316 1427 sumpti
1334 1345 1388 1428 (61.

375 1452 506 1533 Blass,
530 1451 583 1517 (lie
607 1437 747 1517 attisohe
772 1452 1021 1518 Bererlsamheit
1049 1458 1075 1535 1,
1101 1453 1257 1536 31-35).

215 1558 364 1641 Lysias
403 1578 432 1623 1.
466 1563 507 1622 49
548 1577 632 1640 sqq:
672 1559 711 1623 de
747 1559 957 1624 hletanaerae
997 1579 1105 1624 amore
1136 1561 1176 1625 cf.
1210 1559 1389 1626 orationem

374 1664 699 1731 Pserulmlemosthen.
726 1666 797 1730 adv.
825 1667 984 1731 Neaeram
1010 1673 1059 1731 21.
1094 1666 1137 1732 61.
1162 1667 1281 1732 Athen.
1307 1667 1392 1731 XllI

376 1779 439 1838 692
464 1774 501 1856 Β,
533 1771 588 1854 qui
616 1792 656 1838 ex
680 1778 810 1838 oratore
835 1791 907 1837 sese
931 1773 1081 1840 hausisse
1105 1775 1285 1854 profitetur.

304 1898 415 1964 Etiam
445 1918 528 1980 cquae
562 1918 591 1962 v.
619 1905 659 1962 66
691 1916 760 1980 sqq.
796 1903 974 1979 sequuntur
1002 1917 1019 1963 e
1044 1897 1165 1979 Lysiae
1190 1895 1392 1963 orationihus

215 2010 371 2088 excerpta
394 2025 467 2072 esse
492 2005 697 2071 manifestum
722 2011 782 2070 est.
819 2007 879 2069 Pro
896 2004 1062 2086 Iphicrate
1078 2004 1243 2084 orationes
1260 2004 1392 2070 habitas

215 2111 337 2193 Lysiae
360 2111 552 2194 fragmentis
577 2112 793 2194 confirmatur,
820 2130 903 2193 quae
923 2110 1056 2194 collegit
1072 2109 1241 2176 Scheibe
1267 2110 1301 2174 in
1325 2096 1391 2176 edi·

215 2217 302 2284 tione
326 2218 448 2300 Lysiae
477 2238 500 2283 s.
533 2238 562 2283 1.
595 2208 857 2298 ἆυυοσυυαομάυίυ
886 2237 915 2298 p.
942 2223 1005 2282 236
1035 2218 1100 2282 IX:
1131 2214 1212 2302 πρὸς
1233 2208 1391 2300 Ἁρμόδιον

215 2324 290 2410 υυυρὶ
306 2316 502 2410 Ἰφικράυυυι
519 2324 654 2410 δωρεῶν.
697 2325 747 2389 116
764 2323 932 2388 Timotheo
949 2323 1251 2403 6116611666111111116;
1269 2322 1302 2386 in
1320 2341 1389 2386 ora·

217 2431 305 2497 tione
328 2431 412 2497 XIX
438 2437 480 2497 34
504 2432 589 2514 apud
613 2430 748 2513 Lysiam
772 2430 988 2497 inveniuntur.

215 2555 416 2648 Isocratis
440 2575 470 2623 v.
500 2561 561 2621 148
586 2573 655 2637 sqq.
682 2554 721 2620 cf.
747 2575 773 2620 6.
799 2555 898 2620 16661.
924 2562 1006 2621 6166.
1032 2556 1094 2620 XV
1120 2560 1170 2619 27.
1189 2559 1249 2625 33.

216 2662 428 2728 Aeschinis
453 2683 482 2730 1.
508 2669 549 2728 46
575 2662 614 2728 61.
640 2662 858 2729 611611166611.
885 2663 1001 2727 XVIII
1028 2667 1099 2728 134.

461 2822 473 2850 ,‚
505 2776 546 2836 47
586 2822 598 2850 „
645 2822 657 2850 „
764 2822 777 2850 ,‚
883 2769 967 2834 XIX
992 2775 1066 2833 237.

461 2929 474 2958 ,‚
507 2883 547 2942 67
573 2897 613 2942 ex
637 2877 856 2943 Demosthene
880 2875 1014 2942 finxisse
1038 2875 1148 2942 verbis
1173 2874 1391 2957 significatur:

576 2979 620 3060 ὥς
651 3002 731 3070 φησι
756 2986 967 3068 Δημοσθένης
991 2982 1031 3048 cf.
1057 2983 1148 3048 Dein.
1174 2983 1213 3047 de
1237 2980 1391 3047 1316616-

573 3090 705 3174 gatione
723 3095 796 3155 241.
823 3094 896 3155 244.
924 3094 997 3154 252.
1024 3095 1097 3154 263.
1125 3093 1187 3153 285
1214 3107 1260 3169 sq.

216 3215 394 3299 Lycurgi
410 3236 440 3282 1.
462 3221 522 3281 133
541 3235 587 3297 sq.
606 3217 645 3281 de
661 3214 808 3280 oratione
824 3215 981 3280 adversus
997 3215 1190 3295 Autolycum
1207 3213 1246 3277 61.
1264 3214 1392 3295 Harpo-

376 3323 552 3388 crationem
577 3342 601 3388 s.
628 3342 657 3388 v.
682 3312 880 3397 Αὖοόλυκοςι
906 3319 1089 3406 sfrozostqyoo
1112 3318 1205 3403 λόγος
1228 3317 1298 3382 ἐστὶ
1322 3311 1393 3381 κου)

377 3420 559 3494 Αὐτολύκου
582 3437 636 3494 κού
656 3420 881 3513 Ἀρεοπαγίτου
898 3477 905 3490 .
924 3477 930 3490 .
950 3477 957 3490 .
976 3420 1019 3504 ὡς
1040 3418 1170 3502 &monog
1186 3425 1271 3512 clyton
1288 3423 1394 3511 ῥήτωρ

377 3533 409 3600 ἐν
433 3533 584 3620 culicocti
609 3534 828 3620 Λεωκράτους.
876 3535 915 3601 cf.
943 3537 1021 3618 Lyc.
1049 3540 1100 3600 53.

307 3663 397 3745 Quae
423 3667 599 3742 sequuntur
623 3680 692 3727 611111
718 3660 985 3728 antecedentibus
1010 3665 1077 3725 tam
1100 3662 1181 3725 bene
1207 3660 1393 3741 cohaerent,

218 3774 255 3834 nt
278 3788 317 3833 ex
342 3770 453 3834 eodem
477 3767 565 3834 fonte
589 3768 647 3833 illa
669 3768 803 3833 fluxisse
826 3788 883 3848 pro
907 3771 996 3830 certo
1020 3766 1201 3831 habendum
1226 3765 1279 3830 sit.

261 3900 262 3905 ¹
324 3895 353 3941 1.
383 3881 459 3939 166;
493 3875 532 3939 de
556 3873 765 3955 Neoptolemo
794 3873 1003 3938 conferantur
1026 3874 1118 3937 ilem.
1143 3872 1307 3938 orationes
1337 3872 1393 3936 atl-

492 3999 605 4047 versns
629 3979 763 4044 Midiam
788 3980 884 4044 etde
908 3997 1034 4061 corona,
1066 3980 1181 4059 quibus
1213 3979 1269 4044 ille
1293 3977 1393 4044 nomi-

492 4094 590 4153 natur
616 4086 703 4152 inter
731 4103 800 4169 eos,
833 4083 887 4167 qui
911 4085 1139 4151 Demosthenis
1169 4085 1250 4151 iram
1280 4086 1393 4169 depre-

493 4193 560 4261 cati
584 4197 668 4259 sunt.
