2970 4746
635 280 848 377 ...1,-

155 497 221 571 est;
234 472 334 573 >prior
355 494 436 557 enim
452 491 542 556 iocus
558 497 610 556 est
625 491 665 554 de
681 489 854 555 liberorum
871 488 1087 571 accusatione,
1111 488 1272 570 posterior
1288 490 1327 555 de

154 597 296 664 oratoris
326 597 444 679 ipsius3
476 597 725 678 interponuntur
748 615 778 662 v.
809 601 942 662 89-94
971 597 1010 661 (11
1046 596 1201 678 sepulcro.
1256 595 1328 660 Hoc

154 703 224 770 fleri
254 723 317 768 non
351 703 496 785 potuisse
526 710 618 784 pnto;
655 721 728 767 nam
758 702 786 766 si
814 703 853 768 de
882 701 995 768 liberis
1033 701 1196 768 accusatis
1226 699 1328 766 voluit

155 808 263 875 dicere
295 808 501 890 compilator,
531 809 612 873 haec
644 809 744 873 verba
774 812 851 873 ante
884 827 912 872 v.
943 813 1002 873 102
1027 808 1168 873 debebat
1198 824 1326 889 ponere,

154 914 209 981 nbi
233 914 418 980 accuratius
449 915 488 979 de
512 913 578 979 illis
602 915 759 980 docemur.
786 933 815 979 1.
840 920 881 978 99
906 932 1014 994 porro:
1050 913 1103 976 καὶ
1128 909 1327 997 ἐτελεύτησεν

154 1018 297 1106 ἐπιεικὴς
328 1021 499 1102 νομισθεὶς
533 1017 620 1105 παρὰ
658 1018 766 1084 πάντα
796 1017 851 1084 τὸν
887 1027 943 1083 τοῦ
972 1023 1043 1101 p’lnu
1070 1017 1181 1103 χρόνον
1211 1018 1265 1081 καὶ
1295 1015 1327 1082 ἐν

153 1125 261 1210 λόγοις
277 1124 465 1203 ἐπαινεθείς
487 1127 527 1192 cf.
545 1146 616 1193 cum
633 1133 674 1192 36
688 1147 734 1208 sq.
752 1126 908 1191 διετέλεσέ
930 1149 966 1190 τε
988 1123 1043 1191 τὸν
1067 1120 1195 1190 ἅπαντα
1216 1123 1327 1210 χρόνον

154 1225 330 1315 et'dontpnir
359 1232 445 1317 παρὰ
478 1243 546 1310 τοῖς
565 1226 742 1320 Ἀθηναίοις
770 1233 821 1297 καὶ
847 1233 969 1310 δίκαιος
997 1230 1079 1298 εἶναι
1108 1230 1324 1314 νομιζόμενοςε

154 1341 235 1407 haec
279 1343 474 1408 verbotenus
517 1342 584 1406 iere
630 1341 846 1407 consentiunt.
917 1344 1006 1425 Quae
1052 1341 1093 1406 ad
1136 1339 1327 1421 explicanda

154 1447 231 1513 mihi
280 1466 469 1528 persuasum
519 1453 570 1513 est
614 1468 644 1512 1.
690 1454 856 1513 95-10‘2
906 1446 1086 1530 posteriore
1137 1451 1248 1512 aetate
1293 1445 1325 1509 in

153 1553 256 1620 vitam
280 1553 467 1635 primariam
491 1573 563 1620 esse
587 1554 740 1620 intrusos.
788 1553 987 1636 Compiiator
1009 1554 1111 1636 igitur
1134 1573 1163 1620 v.
1191 1559 1231 1617 36
1254 1570 1324 1634 sqq.

154 1659 278 1727 invenit
303 1659 514 1726 iustissimum
545 1680 671 1742 semper
700 1680 772 1727 sese
796 1660 986 1742 praebuisse
1014 1660 1117 1726 civem
1141 1661 1325 1742 Lycurgum

154 1771 256 1832 totam
274 1784 331 1848 per
347 1766 436 1833 vitae
453 1773 604 1850 aetatem,
618 1767 743 1834 invenit
759 1773 931 1849 praeterea
947 1766 1186 1833 Menesaechmi
1201 1784 1325 1847 nomen,

154 1873 355 1939 accusatoris
385 1874 567 1956 liberorum,
597 1874 709 1956 itaque
731 1872 783 1940 his
807 1874 993 1956 compositis
1017 1874 1165 1954 interque
1190 1892 1225 1938 se
1248 1892 1321 1938 uon-

152 1980 272 2047 innctis
296 1981 445 2047 adiunxit
469 1981 760 2064 amplificationem.

242 2089 410 2153 Postremo
440 2087 605 2169 pertinent
634 2089 695 2153 hnc
719 2087 948 2153 Demosthenis
972 2087 1060 2153 vitae
1084 2108 1113 2154 1.
1144 2093 1325 2169 lus-utta,

154 2213 225 2260 nam
240 2194 490 2260 Demosthenem
502 2193 535 2259 id
547 2213 689 2278 curasse,
705 2199 742 2259 ut
757 2211 828 2259 oum
841 2194 1006 2260 Thebanis
1022 2214 1134 2276 pacem
1151 2194 1326 2275 foedusque

153 2298 278 2364 icerent
300 2298 519 2365 Athenienses
551 2300 616 2365 inm
639 2320 670 2365 1.
696 2306 738 2365 50
762 2316 832 2381 sqq.
857 2298 1053 2381 explicatum
1084 2319 1188 2383 neque
1212 2299 1324 2365 verisi-

154 2405 227 2472 mile
251 2412 304 2472 est
327 2406 409 2472 talia
429 2411 504 2488 post
526 2411 660 2472 mortem
677 2411 957 2472 commemoratam
978 2408 1081 2473 denuo
1106 2407 1230 2489 scripta
1253 2426 1325 2472 esse

153 2532 173 2576 a
200 2512 374 2593 primariae
403 2512 491 2579 vitae
521 2519 662 2578 anctore.
714 2515 830 2594 Itaque
854 2533 872 2578 e
900 2513 1056 2595 primaria
1086 2513 1158 2580 vita
1186 2512 1324 2579 eiciendi

154 2624 237 2684 sunt.
286 2601 370 2685 Tota
393 2639 488 2700 porro
512 2620 658 2686 narratio
682 2621 721 2686 de
745 2619 924 2702 Hyperidis
947 2624 1051 2685 morte
1075 2618 1260 2703 (Pseudopl.
1284 2625 1323 2684 37

153 2724 191 2789 cf.
221 2744 248 2791 c.
282 2727 449 2792 Demosth.
479 2725 550 2792 vita
583 2731 645 2792 150
675 2726 761 2810 sqq.)
797 2746 867 2792 cum
899 2727 1118 2792 Demosthene
1153 2730 1326 2808 tantopere

152 2832 293 2898 concinit
315 2839 353 2898 nt
376 2833 516 2915 suspicio
540 2833 674 2900 oriatur.
722 2834 786 2900 Sed
817 2840 940 2900 certum
964 2836 1003 2901 de
1028 2834 1079 2899 his
1109 2833 1254 2915 proferre
1277 2832 1324 2898 iu·

153 2938 267 3005 dicium
291 2959 355 3004 non
371 2940 484 3006 ausim.
521 2941 574 3005 Ex
590 2940 641 3005 his
664 2940 854 3024 certissime,
878 2941 912 3006 ni
928 2941 1060 3023 egregie
1083 2939 1189 3022 fallor,
1210 2959 1324 3022 cogno-

153 3044 254 3111 scitur
278 3044 311 3111 in
343 3044 531 3128 primariam
555 3046 657 3113 vitam
681 3047 904 3113 additamenta
935 3045 1121 3112 inmanasse
1145 3065 1228 3129 quae
1251 3065 1324 3111 aue·

154 3150 233 3216 toris
268 3151 416 3233 primarii
444 3171 507 3218 non
538 3157 628 3234 sunt;
665 3154 826 3218 addantur
861 3152 1009 3234 exempla
1043 3152 1198 3217 nonnulla
1232 3169 1324 3234 quae,

153 3275 344 3339 quamquam
372 3277 435 3324 non
464 3261 506 3325 ab
536 3258 622 3324 omni
646 3259 848 3325 dubitatione
872 3265 981 3325 amota
1005 3264 1094 3343 sunt,
1119 3264 1228 3324 tamen
1252 3276 1324 3323 sen·

152 3363 289 3430 tentiam
323 3365 412 3431 illam
449 3367 588 3448 probare
626 3366 783 3433 uidentur.
843 3366 1068 3448 Compluribus
1106 3365 1208 3449 igitur
1245 3364 1324 3430 locis

152 3471 291 3538 vitarum
315 3472 446 3539 fabulae
469 3473 678 3540 inveniuntur
707 3474 760 3540 vel
789 3473 1023 3539 sententiarum
1047 3470 1324 3555 amplificationes,

152 3596 233 3659 qnae
268 3578 344 3645 novi
375 3579 457 3645 nihil
486 3585 659 3663 enarrant,
689 3581 746 3646 sed
774 3578 906 3645 uberius
936 3583 1063 3644 tantum
1092 3584 1191 3660 atque
1225 3579 1324 3645 latius

152 3702 235 3766 quae
265 3687 462 3751 antecedunt
489 3687 694 3752 adumbrant.
750 3687 820 3752 Hoc
848 3686 917 3751 loco
952 3685 1091 3767 ponendi
1125 3691 1202 3751 sunt
1235 3685 1325 3752 vitae

152 3791 362 3874 Antiphontis
378 3811 408 3858 v.
427 3797 570 3876 44-56,
594 3792 650 3860 ubi
673 3795 713 3859 de
736 3797 839 3858 morte
854 3792 1067 3874 Antiphontis
1090 3811 1173 3873 quae
1190 3791 1325 3873 quisque

152 3903 264 3964 auctor
288 3897 462 3964 tradiderit
489 3899 641 3965 refertur.
689 3901 788 3965 Tales
815 3899 1028 3982 repetitiones
1051 3898 1104 3966 vel
1128 3898 1235 3981 potius
1258 3917 1324 3964 am·

152 4002 367 4084 plificationes
396 4006 561 4072 offendunt
590 4010 625 4071 et
647 4006 703 4073 vix
730 4011 839 4089 putem
863 4008 904 4072 ab
929 4009 1060 4071 auctore
1090 4003 1244 4087 primario
1268 4023 1324 4068 eas

152 4110 282 4177 additas
305 4130 387 4177 esse.
434 4112 560 4178 Deinde
577 4112 666 4179 vitae
683 4112 805 4195 Lysiae
828 4132 859 4179 1.
878 4117 1018 4195 37-39,
1041 4111 1130 4178 vitae
1146 4109 1324 4192 Hyperidis

157 4234 187 4281 v.
213 4220 345 4294 41-55
370 4219 413 4284 ad
440 4217 524 4284 idem
553 4224 720 4301 spectant3
752 4225 924 4301 praeterea
952 4218 1042 4284 vitae
1064 4216 1270 4283 Andocideae
1293 4235 1323 4282 v.
