2970 4746
576 248 789 347 ...1.

186 461 236 526 De
267 460 320 545 iio,
350 481 431 542 quae
459 465 589 527 restant
618 460 707 541 vitis,
740 460 760 525 i.
793 479 820 526 e.
853 460 893 526 de
917 458 1138 541 Antiphontis,
1162 459 1269 524 Audo-

94 567 194 650 cidis,
218 567 404 644 Aeschinis
429 567 624 651 Hyperidis,
657 567 800 648 Lycurgi
831 566 979 632 concedit
1003 564 1194 646 Seeliger
1224 565 1267 646 (p.

93 679 137 737 43
174 673 237 758 sq.)
272 692 335 738 non
376 675 518 755 potuisse
557 673 680 739 harrriri
715 693 733 738 e
772 673 930 754 Dionysio
971 671 1267 737 Halicarnassensi.

94 781 187 862 Quae
212 781 251 845 de
277 780 504 847 Demosthenis
535 781 624 847 vitae
649 786 780 846 auctore
805 780 921 862 prodit,
952 785 1019 844 tam
1044 780 1171 843 incerta
1195 784 1270 843 sunt

94 894 131 951 ut
169 887 221 953 vix
251 887 417 968 quisquam
446 889 568 954 credat.
616 888 756 953 Primum
786 892 893 952 auteur
924 886 987 951 iarn
1021 905 1076 967 per
1108 904 1142 950 se
1171 885 1269 949 multo

96 993 305 1059 verisimilius
330 1001 382 1060 est
405 1014 514 1059 omnes
540 995 626 1060 vitas
642 994 978 1076 Pseudoplutarcheas
1003 1013 1043 1057 ex
1067 1012 1128 1057 uuo
1145 993 1269 1056 eodem·

95 1119 156 1180 que
186 1107 318 1166 auctore
343 1102 477 1167 haustus
501 1121 583 1183 esse,
616 1101 741 1183 deinde,
771 1107 807 1165 ut
830 1106 901 1165 tota
925 1119 965 1165 ex
989 1098 1270 1182 argumentatione

96 1207 309 1291 intellexeris,
327 1208 416 1275 vitae
433 1209 606 1291 primariae
622 1208 752 1274 easdem
770 1208 838 1273 fere
854 1227 907 1272 res
924 1208 1033 1272 eodem
1050 1205 1161 1271 ordine
1178 1224 1268 1286 prae-

95 1316 176 1378 bent
199 1321 233 1378 et
255 1315 402 1396 inprimis
431 1318 470 1382 de
494 1316 620 1381 ratione
644 1315 771 1380 (licendi
796 1316 846 1381 vel
871 1316 911 1380 dc
935 1333 1065 1379 numero
1089 1312 1269 1378 orationum

96 1421 244 1486 omnibus
275 1422 306 1487 in
344 1423 422 1489 vitis
454 1423 578 1504 agitur,
615 1429 711 1503 atoue
746 1423 920 1488 traduntur
950 1421 1031 1485 haec
1066 1419 1166 1485 isdem
1202 1418 1270 1483 fere

96 1527 217 1602 verbis,
242 1528 290 1593 ita
314 1536 349 1594 ut
372 1529 479 1595 onmia
502 1530 557 1595 uni
573 1529 697 1596 auctori
714 1529 886 1594 tribuenda
902 1547 975 1594 esse
992 1526 1198 1592 manifestum
1215 1525 1269 1590 sit.

96 1635 207 1714 Neque
231 1641 340 1716 potest
370 1655 443 1701 esse
467 1642 580 1702 auctor
597 1636 797 1734 Dionysius,
827 1635 1010 1700 certissime
1033 1634 1117 1698 enim
1141 1638 1271 1696 constet

96 1740 188 1806 illum
216 1762 278 1807 uon
306 1745 347 1809 de
375 1745 521 1810 omnibus
545 1745 738 1827 oratoribus,
763 1745 818 1809 sed
843 1749 970 1808 tautum
993 1743 1033 1807 de
1058 1740 1178 1823 Lysia,
1203 1741 1269 1803 Iso-

97 1854 206 1932 crate,
238 1850 349 1934 Isaeo,
373 1851 393 1916 i.
426 1871 453 1917 e.
484 1853 523 1917 de
553 1849 744 1917 clarioribus
773 1853 851 1915 ua'tu
884 1849 1059 1914 maioribus
1088 1846 1270 1912 oratoribus

97 1961 132 2019 et
155 1956 196 2021 de
219 1957 391 2041 Aeschine,
416 1958 592 2042 Hyperide,
609 1958 836 2039 Demosthene,
861 1956 914 2037 qui
939 1953 1118 2036 posteriore
1142 1952 1270 2017 saeculo

97 2060 283 2146 floruerunt,
308 2065 489 2146 scripsisse.
527 2067 578 2132 Dx
602 2065 653 2131 his
670 2071 843 2132 servantur
867 2065 906 2129 de
923 2062 1035 2145 Lysia,
1060 2062 1099 2127 de
1115 2061 1270 2141 Isocrate,

97 2169 138 2233 de
163 2170 257 2235 Isaeo
281 2174 581 2253 commentationes;
607 2174 646 2238 de
670 2172 789 2238 ceteris
813 2170 893 2236 nihil
912 2174 1075 2248 servatur,
1099 2165 1270 2233 Aeschinis

97 2282 132 2339 et
156 2277 334 2359 Hyperidis
364 2279 504 2346 vitarum
534 2282 627 2346 deest
655 2279 783 2345 omuino
807 2277 1065 2343 commemoratio
1097 2281 1154 2340 eut
1178 2273 1270 2339 testi·

97 2382 247 2465 monium,
264 2383 314 2450 111
329 2397 365 2451 ut
381 2405 501 2452 summo
517 2387 549 2452 in
567 2387 662 2453 dubio
679 2385 804 2452 versari
822 2385 982 2466 videatur,
1004 2402 1077 2448 111111
1094 2379 1271 2462 Dionysius

98 2507 176 2553 vere
200 2491 239 2555 de
267 2490 319 2556 his
349 2493 531 2576 scripserit;
561 2514 618 2575 pro
647 2493 718 2560 vita
741 2490 970 2557 Demosthenis
999 2488 1171 2555 memoriae
1204 2493 1270 2551 tra-

97 2595 182 2660 didit
204 2596 283 2662 1111111
307 2616 387 2680 opus
410 2601 450 2665 de
473 2600 507 2667 vi
523 2599 650 2666 dicendi
667 2597 905 2679 Demosthenis,
930 2616 990 2677 spuo
1014 2596 1046 2661 in
1071 2612 1166 2675 opere
1187 2611 1269 2656 oom-

98 2702 322 2782 pensationem
346 2705 434 2771 illius
457 2707 558 2772 fuisse
582 2708 668 2772 haud
692 2705 832 2771 absurde
856 2703 1008 2769 conicias.
1055 2702 1171 2781 Itaque
1195 2698 1270 2765 Dio·

97 2809 227 2888 nysium
259 2812 584 2879 Halicarnassensem
617 2819 781 2879 auctorem
805 2830 877 2876 esse
902 2810 1043 2876 vitarum
1075 2805 1270 2886 Pseudoplu-

97 2916 303 2982 tarchearum
335 2921 517 3001 negandum
548 2926 610 2985 est.
658 2919 776 2985 Fontis
808 2924 916 2983 autem
940 2934 1052 2981 nomen
1078 2933 1140 2979 nou
1170 2912 1270 2977 solum

97 3021 129 3084 in
162 3021 204 3086 iis
228 3023 316 3106 vitis,
346 3045 425 3105 quas
449 3026 627 3108 Dionysius
652 3025 820 3108 tractavit,
849 3024 904 3088 sed
930 3023 962 3087 in
986 3019 1148 3086 nonnuliis
1172 3019 1269 3084 etiam

97 3127 174 3193 eliis
198 3130 342 3213 additum
368 3133 395 3196 is
420 3141 472 3198 est
495 3133 655 3198 Caecilius
679 3132 876 3198 Calactinus.

563 3371 678 3459 Caput
705 3361 812 3465 IV.*)

250 3505 301 3574 De
325 3505 483 3574 fontibus
507 3509 660 3574 vitorum
683 3503 1122 3587 Pseudoplutarchearum.

188 3629 355 3695 Floruisse
371 3631 500 3696 videtur
515 3631 656 3697 vitarum
669 3628 1056 3710 'Pseudoplutarchearuun
1070 3626 1174 3707 partis
1188 3624 1270 3706 prio-

96 3735 144 3800 ris
177 3744 290 3802 auctor
317 3738 404 3803 circe
429 3738 591 3804 Christum
621 3748 747 3814 natum,
781 3735 916 3800 fontium
940 3733 1024 3799 enim
1049 3733 1177 3798 nomina
1201 3751 1270 3797 cunr

188 3917 215 3979 *J
233 3913 308 3978 Quod
328 3929 414 3981 nuper
428 3915 560 3968 Ricardus
574 3914 687 3969 Weise
707 3913 733 3966 iu
756 3912 975 3980 „quaestiouibus
989 3911 1165 3964 Caecilianis“
1182 3909 1270 3961 Berol.

99 4004 169 4054 1888
188 4003 271 4056 editis
291 4002 448 4069 Dionysium
462 4003 858 4057 Halicarnasseusemt'teecilio
879 4002 964 4056 multo
987 4000 1193 4068 praeterendum
1207 4000 1270 4050 tiae-

97 4090 244 4159 ciliumque
265 4109 332 4159 „nou
358 4095 442 4147 solum
467 4093 558 4158 aunis,
583 4092 731 4146 sedetiam
751 4092 839 4145 indole
864 4098 948 4158 atque
967 4090 1078 4159 ingenio
1105 4087 1270 4154 1111111111-

97 4179 240 4239 seriorem
261 4198 320 4236 esse
339 4183 453 4248 censuit,
473 4182 522 4235 hoo
540 4198 593 4235 nou
613 4197 685 4235 euro.
722 4180 871 4234 Adeundus
891 4185 934 4232 est
953 4180 986 4233 de
1005 4180 1055 4232 hac
1074 4193 1103 4230 re
1116 4177 1271 4230 Hammer

97 4273 303 4328 Jahresbericht
322 4272 341 4327 f.
361 4271 441 4325 klass.
462 4269 802 4324 Altertumswisseuscheit
821 4269 873 4322 vol.
895 4271 929 4321 82
947 4269 1041 4336 (1890)
1060 4283 1085 4333 p.
1106 4268 1140 4319 68
1160 4281 1199 4332 sq.
