2970 4746
765 274 784 336 6

665 360 878 371 m

187 484 301 548 harum
325 482 464 548 vitarum
490 481 686 556 auctoritate
714 486 804 547 recte
826 481 970 547 iudicare
994 481 1152 563 volumus,
1182 488 1218 546 nt
1241 481 1316 562 qnid
1340 500 1360 546 a

148 627 160 649 .
188 588 345 671 principio
381 587 535 670 scriptum
570 587 687 671 fuerit,
722 588 796 669 quiid
828 596 902 669 post
932 589 973 653 ab
1010 586 1087 653 aliis
1115 589 1180 652 alio
1214 586 1359 668 ternpore

188 695 349 760 adiectum
385 694 631 776 distinguamus.
691 693 981 775 interpolationem
1016 700 1124 758 autem
1160 700 1194 759 et
1232 692 1358 757 addita-

188 808 364 866 mentorum
382 819 503 882 genera
519 799 733 865 discernenda
757 805 842 880 sunt,
866 805 902 864 ut
925 800 964 864 de
981 818 1089 864 eornm
1112 799 1174 864 tide
1198 798 1358 879 disputari

187 905 300 986 possit.
337 905 549 974 Schaeferi
567 905 806 986 argumentatio
821 924 893 998 cum
916 905 985 970 iore
1009 911 1043 970 et
1059 905 1192 970 alioruun
1218 904 1359 968 virorum

187 1013 351 1077 doctorum
360 1017 394 1077 et
403 1012 455 1077 Vo
464 1011 541 1076 lkln
550 1031 570 1076 a
579 1030 598 1075 n
608 1009 647 1075 ni
661 1010 723 1075 viri
731 992 974 1105 d'octi'pleusum
987 1010 1110 1091 tulerit,
1118 1010 1180 1076 iam
1194 1030 1263 1093 ego,
1277 1011 1358 1091 anrd

187 1116 240 1180 ille
265 1115 297 1181 in
321 1116 409 1182 aliud
433 1122 558 1198 tempus
575 1117 698 1199 reiecit,
722 1117 755 1181 in
772 1133 822 1182 mo
845 1118 962 1199 recepi,
988 1117 1139 1183 videlicet
1163 1126 1198 1184 nt
1218 1118 1249 1182 in
1276 1137 1358 1183 com-

187 1223 376 1305 positionem
394 1224 549 1305 fidemque
573 1225 772 1307 singularum
790 1225 929 1290 vitarum
946 1224 1135 1307 diligentius
1152 1223 1356 1306 inquirerem.

278 1330 373 1396 Vitas
397 1332 505 1396 decern
530 1336 691 1396 oratorum
717 1330 1052 1412 Pseudoplutarcheas
1075 1351 1137 1396 non
1161 1351 1223 1396 uno
1248 1336 1358 1395 tenore

186 1435 381 1518 compositas
398 1436 580 1518 scriptasva
597 1456 669 1503 esse
687 1437 900 1518 unumquisque
917 1437 1013 1502 facile
1036 1436 1215 1519 intelleget..
1255 1436 1357 1501 lilani-

187 1544 271 1608 festo
295 1543 379 1608 enim
403 1542 435 1607 in
461 1542 598 1625 singulis
623 1542 700 1608 vitis
725 1543 807 1608 duae
831 1548 942 1624 partes
966 1543 1201 1625 discernuntur,
1226 1562 1357 1623 qnarmn

188 1649 276 1732 prior
304 1652 343 1716 de
372 1651 441 1716 vita
472 1655 506 1715 et
535 1652 632 1716 rebus
660 1649 764 1732 gestis
800 1649 940 1715 oratoris
970 1650 1080 1715 ordine
1113 1669 1214 1732 agens
1243 1649 1358 1730 ubimre

187 1757 297 1822 eadem
331 1755 495 1824 sententia
523 1757 737 1837 concluditur,
761 1775 843 1837 <puae
866 1761 918 1820 est
946 1757 985 1822 de
1017 1756 1196 1822 orationum
1228 1775 1358 1820 rruumero

187 1867 246 1928 aut
269 1864 309 1927 de
339 1861 464 1929 dicendi
497 1881 632 1944 genere3
663 1882 743 1943 (puae
773 1860 805 1927 in
830 1863 891 1928 hae
915 1867 1009 1944 parte
1033 1866 1225 1942 narrantur,
1250 1881 1357 1942 ‹ptam-

186 1987 280 2050 rpmm
305 1968 467 2034 nonnullis
495 1968 574 2034 locis
606 1969 830 2034 additamenta
860 1968 1023 2034 inferioris
1047 1968 1119 2034 aevi
1144 1987 1206 2033 non
1231 1969 1358 2048 desunt,

187 2074 220 2140 in
249 2074 434 2141 universum
462 2080 571 2140 tamen
596 2075 733 2156 speciem
765 2074 860 2140 unius
884 2075 973 2141 vitae
1002 2074 1173 2140 continuae
1197 2080 1293 2155 atque
1317 2076 1358 2138 ab

187 2200 250 2246 uno
273 2182 446 2262 eodemque
469 2186 601 2246 auctore
625 2181 827 2262 conscriptae
850 2183 1019 2262 praebent.
1068 2181 1171 2246 Valde
1195 2180 1360 2260 discrepat

188 2288 230 2352 ab
254 2287 316 2352 hac
347 2293 440 2368 parte
469 2287 584 2352 altera.
633 2286 710 2352 Sine
734 2286 801 2352 nlla
824 2286 1035 2368 dispositione
1059 2288 1118 2352 hoc
1146 2286 1178 2350 in
1204 2285 1358 2367 auctario,

184 2411 245 2475 quiri
268 2393 423 2460 vocabulo
445 2393 644 2459 sollemniter
668 2394 751 2458 hanc
774 2398 899 2475 partem
917 2393 1102 2476 significare
1126 2391 1248 2474 licebit,
1267 2391 1357 2457 vario

186 2499 287 2565 variis
322 2499 355 2565 in
388 2499 467 2566 vitis
502 2499 613 2565 ordine
648 2499 890 2581 adnotationes,
920 2499 1065 2583 fabulae,
1101 2498 1168 2564 alia
1203 2497 1357 2563 eiusmodi

185 2605 389 2689 colliguntur,
414 2624 496 2688 quae
520 2608 559 2671 ad
584 2605 687 2671 uitam
711 2606 850 2672 oratoris
874 2605 1104 2671 illustrandam
1132 2604 1265 2669 minoris
1294 2624 1357 2669 mo·

186 2711 285 2777 menti
310 2719 395 2778 sunt.

275 2819 382 2899 Atque
413 2818 547 2900 primum
572 2818 714 2900 quidem,
739 2825 774 2884 ut
798 2838 896 2900 supra
920 2819 1038 2884 dictum
1064 2824 1130 2899 est,
1155 2818 1300 2882 omnibns
1325 2816 1356 2880 in

185 2923 264 2990 vitis
289 2925 461 2990 nonnullae
478 2943 530 2990 res
554 2930 643 2990 certo
659 2925 771 2990 ordine
795 2931 945 3005 certoque
969 2923 1102 2990 consilio
1118 2929 1357 3004 enumerantur,

185 3049 266 3112 otras
301 3032 343 3096 ad
378 3031 518 3097 oratoris
546 3050 651 3096 mores
683 3032 921 3113 cognoscendos
951 3032 1086 3096 nmltum
1116 3031 1227 3096 valere
1255 3031 1358 3110 primo

184 3139 300 3203 obtutu
323 3136 511 3221 apparet.*)
558 3136 772 3203 Nominantnr
795 3136 878 3203 enim
903 3136 935 3201 in

241 3242 268 3307 Ι.
292 3242 363 3309 vita
386 3242 668 3324 Antiphontis:
700 3248 809 3325 pater,
838 3262 958 3326 pagna,
982 3248 1225 3324 praeceptores,
1255 3260 1358 3306 aniius

291 3349 431 3432 nataliS,
467 3367 570 3414 anons
605 3349 735 3431 mortis,
768 3369 822 3415 ros
856 3355 972 3432 gestae
1010 3349 1172 3433 (merita),
1207 3366 1358 3413 rrurmerns

292 3455 484 3521 orationum.

221 3562 265 3627 ΙΙ.
290 3561 361 3628 vita
382 3561 623 3628 Andocidis:
654 3568 765 3645 pater,
790 3581 887 3644 avus,
912 3581 1032 3644 pagoS,
1057 3562 1134 3627 ordo
1158 3560 1281 3643 patris,
1305 3581 1358 3627 res

290 3673 415 3751 gestae,
440 3687 543 3735 annus
566 3668 698 3751 natalis
722 3687 873 3734 numerus
897 3667 1087 3751 orationum,
1111 3667 1196 3733 ratio
1220 3666 1356 3733 dicendi.

204 3774 266 3840 ΙΙΙ.
290 3774 362 3841 vita
397 3774 574 3856 Lysiae:
616 3779 728 3857 pater,
766 3793 863 3856 avus,
903 3792 1057 3856 proavus,
1098 3773 1221 3856 patria,
1253 3793 1358 3839 annus

291 3879 428 3964 natalis,
457 3900 510 3947 res
533 3886 662 3964 gestae,
694 3899 798 3946 annus
827 3880 954 3963 mortis,
986 3880 1166 3947 orationum
1196 3900 1358 3964 numerus

290 3987 375 4053 ratio
400 3987 535 4054 dicandi.

184 4116 344 4124 ——--—

273 4165 301 4234 *)
319 4163 368 4218 cfr.
386 4163 504 4218 vitorum
522 4167 629 4219 textum
648 4163 868 4219 commentationi
886 4165 1021 4219 adnexum
1040 4165 1187 4220 seeundum
1211 4163 1358 4218 editionem

183 4251 395 4308 Westcrmanni.
